5225 7084
1067 993 1159 1132 ἢ(
1180 1033 1233 1120 ²5
1257 990 1349 1130 ἦ*

512 1192 606 1285 dare
622 1189 800 1286 uoluise.
834 1195 911 1280 Hic
928 1193 1088 1284 celebris
1117 1223 1297 1284 nummus
1332 1199 1371 1281 in
1398 1185 1528 1282 museo
1557 1190 1750 1307 boiplano
1778 1189 1896 1280 exuat

509 1353 559 1420 m..
573 1332 734 1425 xxxrrl„
751 1353 841 1412 cum
861 1323 1291 1414 aliisduobus‘eiusden
1309 1327 1501 1440 dynastiae
1520 1329 1795 1410 xuxrssrtxxrl.

616 1462 701 1542 Hac
719 1451 917 1542 occasione
931 1459 981 1542 ad
998 1460 1110 1544 aliam
1127 1456 1459 1543 dilscttatiunculae'
1477 1481 1619 1564 partem
1637 1454 1892 1566 procedimus,

515 1583 584 1676 ubi
597 1583 825 1684 denummis
837 1583 985 1672 Culicis
999 1587 1128 1703 figuris
1139 1589 1279 1672 omatis
1290 1594 1470 1701 agritius.
1487 1590 1645 1683 Omnes,
1657 1612 1756 1698 quos
1766 1584 1896 1671 adbuc·

517 1709 801 1832 recensuimus,
825 1721 974 1802 nummi
990 1719 1039 1802 ab
1058 1746 1214 1833 utraque
1249 1747 1354 1834 parte
1377 1718 1453 1810 'uel
1486 1710 1707 1800 stutentiam
1725 1716 1895 1830 aliquam

517 1844 696 1942 Corani,
727 1849 786 1932 vel
817 1853 972 1932 nomina
1003 1854 1208 1962 principis,
1237 1855 1276 1933 dc
1298 1851 1406 1946 loci,
1436 1846 1503 1932 ubi
1521 1843 1597 1930 cufi
1618 1840 1726 1934 sotir,
1755 1874 1893 1960 atque:

480 2003 485 2024 ’
518 1991 648 2062 aeram
667 1976 871 2061 exhibent.
893 1981 978 2066 Poll
995 1982 1271 2094 duodecimum
1288 1964 1474 2064 Aetolum
1493 2003 1601 2060 acrae
1617 1979 1780 2090 vulgaris
1798 2002 1894 2072 nott·
2060 1998 2070 2012 ’

520 2105 617 2194 nulli
635 2110 820 2220 principes
840 2104 968 2219 figuris
984 2139 1113 2196 ornare
1127 2137 1305 2196 nummos
1322 2133 1539 2218 coeperunt,
1551 2101 1668 2219 iisque
1685 2135 1760 2190 non
1773 2102 1893 2189 solum
1966 2143 1970 2148 ·

521 2235 627 2345 legi,
648 2236 705 2316 vel
729 2237 1021 2341 traditionibus,
1043 2234 1104 2325 sed
1123 2235 1224 2354 saepe
1243 2242 1412 2326 motibus
1440 2242 1554 2324 etiam
1575 2236 1745 2320 Arabum
1776 2263 1893 2350 quam

521 2371 691 2450 maxime
709 2372 933 2452 contrariis.
965 2374 1044 2456 Diu
1068 2400 1135 2458 nos
1152 2377 1447 2456 ucmvirearum
1466 2372 1577 2481 otigo
1604 2376 1642 2453 δι
1668 2369 1897 2478 explicatio,
2051 2424 2058 2438 ·
2121 2395 2125 2402 ·

500 2491 639 2606 usque
668 2497 760 2580 dum
792 2504 831 2590 in
866 2488 1049 2592 eruditam
1071 2505 1315 2590 Barthelemii
1342 2505 1395 2588 ¹de
1423 2497 1553 2613 figuris
1581 2499 1654 2582 illis
1679 2492 1898 2583 disbttario·

520 2650 609 2708 nem
629 2612 727 2732 (ard)
746 2613 1103 2744 insidiarumque
1119 2637 1315 2746 pleraque,
1331 2660 1430 2746 quae
1447 2631 1511 2713 hic
1528 2633 1700 2713 dicemus
1716 2686 1729 2724 ,
1747 2655 1815 2713 nos
1827 2628 1897 2711 de·

518 2753 611 2837 bere
650 2782 760 2868 grato
792 2767 923 2844 animo
951 2759 1207 2848 confitemur.
1241 2766 1336 2846 Duo
1361 2767 1398 2846 in
1419 2763 1549 2872 primis
1568 2759 1684 2842 dubia
1703 2761 1895 2870 inquiren·

518 2883 570 2968 da
587 2935 609 2981 ‚·
629 2912 743 2997 atquc
761 2889 957 2978 enodanda
977 2892 1179 2978 videnturs
1212 2888 1624 3005 primum,'quomodo
1643 2885 1722 2970 fieri
1742 2890 1866 2998 potuit
1883 2889 1901 2985 ,“

519 3037 565 3104 ut
579 3016 849 3108 Muhamedmi
861 3077 875 3117 ,
888 3028 955 3134 qui
967 3005 1108 3137 effigies
1121 3018 1357 3136 ,figurasque
1372 3026 1465 3106 odio
1482 3019 1649 3105 habent,
1670 3022 1710 3101 io
1730 3020 1897 3105 nummis

372 3152 373 3161 '
518 3149 718 3257 etiamqui
739 3152 842 3260 vulgi
864 3154 1037 3238 manibus
1051 3178 1244 3242 teruntur,
1262 3163 1395 3264 aperte
1409 3152 1540 3263 figuris
1560 3147 1776 3232 urerentur?
1794 3148 1899 3232 Arte·

519 3303 629 3374 tuma
643 3276 742 3387 quid
764 3277 828 3367 stbi
842 3282 927 3368 ‚vult
946 3285 1027 3368 illa·
1039 3283 1313 3378 contradictio,
1340 3293 1441 3396 quae
1459 3286 1556 3362 inter
1573 3280 1642 3362 hos
1654 3306 1833 3362 nummos
1859 3285 1899 3363 dc

521 3431 647 3504 mores
666 3399 863 3506 Arabum,
890 3413 986 3496 inter
1009 3411 1144 3524 ligurus
1161 3422 1199 3497 dt
1215 3405 1525 3522 suscriptionem,
1552 3433 1651 3521 quae
1668 3405 1808 3521 figuras
1824 3412 1898 3492 cir·

521 3536 700 3630 cumdat,
718 3540 1063 3628 animadvcttitnr?
1093 3541 1158 3624 Ad
1173 3549 1342 3655 primum
1360 3539 1471 3655 quod
1482 3544 1616 3627 attinet
1633 3598 1648 3636 ,
1666 3541 1756 3622 nulli
1773 3531 1900 3626 buius

524 3668 631 3752 modi
652 3670 813 3798 npmmi,
833 3666 898 3755 nisr
914 3677 1258 3772 arurcomanis&
1277 3675 1463 3786 Selgiucis
1480 3666 1605 3787 ercust
1622 3674 1866 3755 innotuerunt
1884 3726 1898 3751 .

523 3801 578 3886 Hi
597 3823 685 3884 vcro
704 3801 834 3908 populi
850 3801 1057 3888 barbari&
1070 3794 1208 3898 inculti
1226 3855 1237 3892 2
1258 3805 1428 3896 nonnulli
1447 3804 1632 3912 pallores,
1653 3801 1716 3886 alii
1735 3803 1907 3896 latrones.

521 3929 715 4010 tremotis
728 3935 930 4037 provinciis
950 3941 989 4015 in
1005 3928 1201 4016 fertiliores
1230 3930 1337 4017 Afiae
1369 3960 1490 4044 partes
1511 3927 1664 4043 profedli
1677 3933 1899 4040 ,drumm

523 4057 888 4144 Muhamcdonorirm
909 4119 922 4158 ,
942 4068 1050 4146 cuius
1068 4067 1330 4176 cognitionem
1352 4090 1423 4148 nec
1437 4061 1625 4153 habebant
1641 4118 1655 4158 ,
1671 4084 1739 4144 nec
1758 4057 1899 4138 ltabete

524 4192 704 4273 curabant
724 4197 738 4286 s
755 4193 895 4275 nullam
924 4195 1036 4293 aliam
1054 4195 1106 4278 ob
1125 4189 1283 4284 caussam
1307 4177 1835 4307 accepisse,videmur,‘quam
1856 4209 1900 4270 ut
2043 4269 2048 4278 ¹

521 4320 733 4434 provincias
753 4345 777 4400 a
795 4325 1081 4410 Muhamcdanis
1097 4332 1100 4340 ‘
1115 4327 1321 4440 habituras,
1350 4329 1493 4436 maiori
1523 4323 1672 4407 fortuna
1701 4329 1897 4432 expugna²
2012 4317 2039 4344 ‘

524 4477 636 4546 rent,
653 4455 692 4532 di
710 4449 1056 4566 maiotisecuritate
1076 4453 1245 4568 tenerent
1263 4517 1274 4538 .
1301 4457 1407 4572 Qid
1425 4459 1589 4559 mirum,
1607 4457 1793 4564 principes
1812 4447 1900 4533 illos

522 4582 734 4694 elegantiae
765 4576 881 4668 caussa
916 4581 1051 4697 figuris
1076 4581 1361 4701 adexcmplum
1391 4587 1548 4677 aliarum
1578 4586 1748 4696 gentium
1781 4604 1898 4690 pecu·
2028 4649 2033 4656 .

528 4716 630 4801 niam
647 4709 904 4798 exornavisse?
929 4718 1116 4814 Accedit,
1147 4719 1251 4830 quod
1269 4748 1346 4804 non
1371 4718 1420 4800 ad
1438 4712 1632 4810 studioses
1655 4715 1756 4828 leges
1783 4712 1899 4820 petti-

526 4841 694 4926 neatilla
711 4841 762 4924 de
789 4843 920 4960 liguris
946 4848 1038 4953 odio
1064 4847 1273 4949 habendis,
1301 4877 1410 4964 quac,
1427 4829 1543 4933 hodic
1562 4873 1584 4931 a
1604 4847 1731 4946 multis
1761 4840 1896 4924 Muha-

765 4993 770 4998 ·
1309 4982 1350 5064 D
1769 4967 1898 5052 meda-

569 5192 651 5320 (4⁶5
677 5221 910 5306 Dissertation
934 5229 990 5304 sur
1012 5233 1064 5304 les
1090 5227 1274 5306 medaill'es
1296 5229 1434 5304 Arabes
1456 5225 1501 5301 de
1516 5231 1587 5301 Mt.
1601 5223 1623 5296 l‘
1637 5220 1738 5298 Abbi
1750 5219 1901 5295 Bartho-

527 5324 638 5421 kmy,
651 5331 741 5402 dans
757 5336 808 5426 les
823 5325 1020 5402 memoirts
1035 5332 1078 5404 dt
1093 5334 1103 5402 l
1117 5333 1310 5406 Academie
1326 5335 1453 5430 toyale
1476 5329 1541 5403 des
1566 5323 1793 5423 inscriptions
1804 5341 1901 5396 tom.

522 5431 723 5506 maturis
740 5451 941 5530 1749412.
960 5452 1043 5526 557.
1058 5439 1091 5506 dc
1103 5429 1190 5506 suiv.
