5225 7084
1263 962 1355 1102 ἢ(
1375 987 1431 1062 ⁶2
1453 965 1544 1104 >4

716 1176 883 1262 hominis
899 1201 1000 1290 equo
1017 1172 1244 1263 'insrdcnris‚
1271 1201 1362 1272 curn
1383 1149 1547 1275 limeris,
1575 1171 1615 1260 ui
1636 1170 1784 1274 ullor,
1806 1178 2018 1302 Gothicis,
2047 1181 2089 1267 in

715 1309 809 1392 orbe
826 1305 993 1421 scriptis:
1025 1313 1064 1392 in
1083 1307 1221 1421 postica
1251 1308 1385 1395 titulus
1399 1302 1615 1402 Arabicus,
1639 1306 1752 1392 titulo
1771 1315 1922 1394 nummi
1937 1311 2087 1422 borgia-
2165 1330 2171 1341 ·

715 1444 755 1523 ni
774 1467 851 1526 ram
872 1438 998 1526 fimilis
1013 1497 1027 1541 ,
1045 1469 1086 1526 ut
1103 1464 1245 1527 vocum
1265 1436 1362 1522 ordo
1379 1453 1407 1534 ‚'
1427 1436 1712 1548 litterarumque
1727 1465 1950 1526 ornamenta
1967 1445 2083 1522 etiam

714 1575 966 1670 conveniant,
995 1573 1069 1655 hoc
1088 1571 1238 1671 modo,
1267 1595 1309 1654 ιιι
1327 1565 1505 1682 equidem
1528 1567 1730 1667 existimo,
1749 1571 1931 1684 legendus
1959 1572 2088 1697 gajo

643 1761 652 1766 ·
713 1737 1416 1924 &ambrosianam
1443 1735 2089 1928 μιιιιωιιιιιιωιιω,

697 1985 938 2084 Q
953 2009 1022 2102 ως
1034 1989 1291 2114 ,w
1324 1975 1442 2088 cusas
1457 1982 1621 2095 oum
1634 1932 1790 2098 mirqua
1809 1983 1982 2083 neure,
2012 1980 2090 2079 ca-

710 2191 892 2301 padociae
917 2187 1042 2298 urbe]
1064 2194 1249 2278 soltanus
1262 2188 1475 2302 Augustus,
1492 2190 1687 2306 refugium
1712 2194 1850 2282 mundi
1868 2190 1917 2280 ὠ
1932 2189 2087 2299 religio·

710 2319 775 2404 nis
791 2379 816 2430 ,ὁ
833 2324 904 2409 Cai
917 2370 934 2387 ·
946 2321 1112 2430 ὕψι),
1129 2322 1245 2436 filius
1262 2325 1333 2412 cai
1342 2321 1489 2412 -cobad
1505 2378 1518 2404 .
1545 2323 2084 2408 Ce1.ssanhelemiusetianu

711 2477 912 2574 nummum
935 2454 1047 2542 huius
1066 2456 1331 2567 Selgiucorum
1354 2457 1451 2564 regis
1468 2450 1583 2539 Sivasr
1613 2445 1743 2540 cusum
1776 2445 1812 2537 se
1832 2444 1957 2540 vidisse
1975 2451 2085 2538 testa-

708 2605 797 2664 tur.
819 2577 992 2669 ¹Nesmet
1018 2608 1128 2668 more
1146 2588 1271 2670 nostro
1287 2584 1337 2668 ad
1353 2610 1398 2665 ea
1420 2611 1488 2666 nos
1502 2590 1760 2668 convertimus
1778 2641 1791 2681 ,
1820 2611 1921 2698 quae
1936 2611 1958 2666 e
1972 2610 2078 2668 num·

709 2717 782 2796 mis
813 2714 941 2799 nostris
971 2709 1044 2798 fine
1077 2715 1327 2826 ambiguitate
1356 2712 1651 2826 intelliguntur.
1685 2715 1908 2828 Antiquitus
1938 2713 2081 2828 emir,

703 2840 893 2950 principis
919 2871 1060 2928 nomen
1093 2850 1279 2928 maximae
1304 2845 1499 2952 dignitatis
1529 2847 1663 2930 titulus
1686 2842 1795 2944 fuit,
1822 2851 1861 2930 in
1891 2848 2031 2953 primis
2059 2835 2086 2924 fi

705 2970 803 3056 duae
820 2991 931 3057 voces
954 2972 1321 3086 princepsfidelium
1343 2974 1698 3090 coniungebantur.
1729 2974 1964 3088 Sequebatur
1988 2977 2094 3056 ritu-2.

706 3102 764 3208 lus
788 3101 934 3204 malci,
961 3104 1096 3216 regis.
1131 3104 1281 3188 Deinde
1299 3104 1454 3189 Sulmm'
1478 3128 1694 3218 cognomen
1712 3133 1794 3189 tam
1813 3106 1966 3218 uulgare
1988 3129 2078 3190 eva·

705 3228 779 3332 fit,
812 3257 853 3316 ur
881 3261 1021 3334 nomen
1052 3239 1148 3350 regis
1177 3232 1406 3350 principibus
1426 3236 1658 3324 tributariis,
1686 3236 1745 3324 vel
1764 3234 2077 3351 gubernatoribus
2187 3284 2192 3294 ι

705 3365 998 3478 relinqueretur.

1273 3528 1311 3609 X
1322 3531 1358 3610 Χ
1373 3531 1410 3608 X
1426 3529 1444 3608 I
1459 3531 1510 3611 V.

781 3661 970 3740 Nummus
992 3665 1129 3741 aeneus
1149 3650 1472 3740 Turromanorum
1487 3647 1772 3764 orrocidarum
1793 3645 2001 3744 Maredini

1041 3815 1128 3872 rum
1146 3785 1245 3898 typis
1264 3781 1520 3902 christiani„
1541 3785 1741 3871 ineditus.

750 4040 759 4054 '
834 4029 1088 4129 summani,
1108 4030 1191 4120 vel,
1218 4053 1306 4120 mm
1328 4058 1471 4115 nomen
1496 4024 1639 4116 aTurr
1669 4035 1707 4112 &
1726 4041 1864 4118 caman
1899 4019 2073 4112 invenisse

702 4159 910 4264 dicuntur,
937 4160 1056 4248 Tusci
1085 4160 1352 4270 comanenser,
1375 4156 1760 4276 Syriampetebant,
1792 4186 1882 4243 curn
1898 4158 2073 4269 Selgiuki

701 4291 862 4380 Perfiam
898 4295 1158 4392 invaderent,
1199 4319 1313 4406 atque
1349 4291 1477 4406 plures·
1506 4294 1717 4404 provincias
1764 4291 2075 4400 expugnabant.

702 4427 796 4510 Dux
827 4454 959 4512 eorum
985 4452 1064 4510 erar
1091 4425 1198 4509 Emir
1223 4435 1369 4521 orror,
1401 4426 1502 4510 unde
1522 4414 1736 4538 successores
1767 4424 1853 4505 eius
1873 4421 2082 4505 Orrocr'dae

700 4554 913 4642 dicuntur:
935 4563 1055 4641 Ortoe
1074 4555 1223 4667 reliquit
1242 4555 1321 4637 duo
1341 4552 1467 4656 filios,
1498 4552 1628 4666 ligazi
1645 4557 1681 4634 δι
1702 4559 1864 4636 chman
1884 4607 1897 4644 ,
1914 4577 2077 4665 quorum
2231 4571 2243 4594 ·

701 4684 767 4769 ille
786 4683 993 4773 Maredinr'
1020 4693 1057 4770 &
1087 4683 1351 4792 Miafarekr'ni
1367 4745 1380 4782 ,
1415 4685 1477 4768 hic
1497 4685 1659 4772 Amidae
1687 4689 1727 4765 δι
1755 4681 1878 4791 Kifae
1907 4702 2080 4764 novum)

699 4839 860 4930 regnum
880 4813 1047 4902 firndavit
1067 4873 1077 4896 .
1102 4821 1177 4900 Hic
1197 4841 1375 4900 nummus
1402 4817 1450 4899 ad
1468 4815 1670 4930 dynastiam
1692 4807 1992 4898 Maredinensem
2012 4834 2075 4892 re·

543 4977 549 4992 ¹
697 4945 872 5035 ferendus
897 4949 1075 5035 viderur.

767 5083 796 5164 1.
855 5077 927 5163 Ab
947 5107 1018 5164 una
1043 5073 1321 5194 parachaberur
1339 5070 1458 5183 figura
1475 5069 1665 5159 cuiusdam
1688 5065 1829 5173 sandi,
1854 5070 1989 5158 nimbo
2006 5097 2078 5154 co·
2155 5057 2164 5068 ’

701 5213 823 5300 sonari
843 5268 855 5305 ‚
880 5211 929 5293 ad
946 5203 1053 5295 cuius
1083 5212 1178 5290 latus
1197 5219 1307 5290 n'otae
1325 5208 1510 5317 quaedam
1541 5207 1761 5288 litterarum·
1779 5199 1942 5317 'scriptae
1974 5199 2079 5310 sunt,

701 5371 794 5458 quas
814 5364 876 5426 me
906 5367 982 5426 oon
1006 5339 1247 5458 intelligere,
1279 5335 1398 5422 libere
1424 5331 1629 5452 profiteor.

1948 5459 1998 5547 11.
2020 5457 2084 5554 Ab
