5225 7084
807 1519 1144 1708 donicum
1200 1609 1626 1699 Dnvsottvu.

574 1980 610 2039 o.
636 1964 666 2035 t*
699 1950 803 2051 nii]
835 1907 976 2001 Ccelstt
995 1903 1123 1996 museo
1141 1910 1353 2025 Botgiano„
1371 1933 1463 1994 eum
1481 1907 1531 1992 td
1549 1876 1729 1992 nummos
1744 1893 1904 1988 enicat

567 2094 646 2171 s
705 2046 804 2189 1
856 2039 1103 2156 explicandos
1114 2041 1435 2137 incumberemus,
1453 2033 1651 2150 pretiosius
1666 2061 1782 2148 quam
1798 2029 1904 2161 quod

590 2166 630 2233 t*
666 2158 804 2307 ’ψ
857 2173 958 2258 aliud
981 2198 1301 2290 monumentum,
1324 2167 1562 2288 fimulactum
1586 2194 1746 2250 aeneum
1764 2165 1902 2256 uituli,

628 2262 805 2421 ¹³!
855 2293 1043 2413 scriptura
1071 2329 1205 2388 ateana
1235 2298 1399 2386 Arabica
1435 2304 1700 2383 exornatum.
1749 2294 1901 2380 Illusttit
1946 2343 1951 2350 ·

595 2418 602 2431 ¹
657 2426 708 2441 Q
786 2394 803 2437 Δ
861 2424 1028 2530 Praesti,
1049 2461 1119 2544 pto
1136 2431 1331 2546 fingulari,
1350 2457 1430 2543 quo
1446 2431 1585 2513 litteras
1601 2429 1750 2549 lovere,
1766 2429 1805 2508 δι
1822 2451 1907 2536 pto·
2013 2509 2018 2527 ,

523 2583 671 2670 pagare
689 2587 823 2660 curat,
840 2561 981 2659 lludio,
1006 2563 1212 2648 illud'cttm
1231 2559 1390 2642 eruditis
1403 2563 1722 2654 communicate,
1740 2561 1778 2636 δι
1796 2554 1908 2644 nuni·

527 2694 605 2770 mis
625 2689 773 2774 Culicis
795 2693 1002 2804 adiungere
1016 2695 1223 2803 cogitavit:
1247 2683 1429 2801 nobisque
1446 2695 1529 2774 eius
1545 2685 1822 2800 examinandiA
1834 2693 1906 2783 dt,

527 2839 713 2928 quantum
729 2819 811 2922 fieti
829 2821 978 2933 potest,
1014 2821 1225 2930 explicandi
1257 2817 1475 2904 facultatem
1513 2817 1679 2930 benigne
1692 2818 1906 2931 elargitus.

528 2946 611 3028 Ubi
631 2952 796 3057 ptimutn
829 2949 922 3034 illud
949 2955 1083 3034 intueti
1102 2952 1211 3034 nobis
1240 2949 1373 3046 licuit,
1401 2948 1593 3032 dubitatio
1623 2941 1795 3038 incetit,
1826 2970 1906 3027 ana

526 3065 764 3162 fimulactum
791 3079 839 3162 ad
872 3079 1172 3165 muhamedanos
1197 3075 1403 3192 spedattt,
1433 3080 1524 3162 litet
1549 3077 1748 3161 nonnullos
1771 3085 1907 3160 eorum

525 3199 665 3316 figuras
678 3264 691 3304 ,
706 3205 922 3323 effigiesque
940 3235 1159 3321 pettinare,
1184 3237 1261 3294 non
1279 3215 1497 3321 ignoremus
1513 3265 1523 3286 .
1556 3211 1636 3291 Cui
1656 3210 1911 3318 igitur-natio-

529 3336 569 3419 ni
586 3327 757 3440 ficrum,
786 3341 929 3451 quidve
957 3336 1187 3452 fignificatet»
1203 3339 1278 3421 hoc
1315 3335 1554 3420 fimulactum
1588 3339 1809 3444 inuestigare
1846 3361 1909 3418 at·

526 3461 647 3551 duum
666 3469 775 3556 nobis
791 3469 1008 3555 videbatur.
1028 3467 1258 3582 Accepimus
1275 3468 1414 3552 deinde
1432 3493 1455 3550 a
1473 3469 1667 3552 monachis
1681 3468 1907 3565 Maronitis,

525 3593 673 3682 Romae
689 3599 940 3714 degentibus,
955 3627 1045 3685 cum
1065 3601 1203 3715 quibus
1219 3592 1487 3686 consuetudine
1504 3605 1617 3682 iundli
1635 3589 1783 3692 sumus,
1802 3606 1908 3682 Dru·

516 3724 611 3834 fis,
634 3731 763 3841 populi
794 3755 911 3842 genus
921 3757 939 3829 ·,
966 3731 1072 3844 quod
1102 3753 1272 3814 montem
1299 3728 1432 3812 Libani
1460 3753 1651 3842 occupat,
1681 3723 1906 3814 inuitem
2020 3775 2025 3782 .

526 3855 646 3942 boum
670 3917 683 3958 ‚
706 3857 765 3942 tel
795 3845 1003 3944 uitulorum
1033 3852 1173 3945 secreto
1206 3863 1362 3957 colere,
1386 3863 1597 3975 eademque
1625 3861 1778 3945 occulto
1804 3885 1916 3981 qno·x

525 3984 616 4070 dam
634 3989 868 4079 charactere,
896 3994 963 4104 qui
982 4017 1005 4074 a
1023 3996 1204 4088 nemine,
1231 3987 1297 4076 nii
1313 3996 1456 4075 atcania
1472 4017 1608 4076 totum
1645 3994 1818 4086 initiato,
1847 3992 1907 4076 in·

527 4115 740 4229 telligatur,
772 4143 974 4206 exornata.
1011 4121 1159 4208 Eodem
1195 4145 1367 4232 tempore
1389 4117 1631 4234 amplil'tmut
1660 4109 1804 4203 Ptaefitl
1834 4145 1905 4231 pto

494 4287 496 4294 ·
526 4241 701 4332 consueta
724 4242 785 4336 sua
814 4248 1045 4336 humanitate
1068 4243 1261 4337 nobiscum
1292 4250 1593 4336 communicabit
1627 4249 1798 4335 libellum
1821 4275 1906 4334 ma·

527 4367 785 4490 noscentem,
817 4379 947 4463 ltalite
971 4381 1223 4494 loquentem,
1255 4387 1294 4466 in
1319 4405 1401 4492 quo
1435 4383 1554 4466 multa
1581 4383 1630 4465 ad
1664 4376 1903 4468 Drusorunu

526 4504 716 4593 historiam
735 4510 957 4622 pertinentia
978 4536 1027 4595 ex
1047 4509 1129 4624 iplis
1146 4537 1278 4596 cotum
1294 4509 1403 4597 libtis
1415 4512 1673 4625 explicantur,
1690 4535 1809 4626 atque
1828 4509 1905 4598 cula

525 4657 612 4734 tus,
640 4665 758 4752 quem
787 4635 1011 4740 simulacro,
1039 4643 1201 4728 vitulum
1232 4639 1458 4742 exhibenti,
1480 4639 1739 4757 impendunt,
1766 4641 1906 4728 confit·

519 4793 652 4854 matur
683 4827 694 4848 .
730 4767 862 4882 Itaque
884 4761 989 4855 hisee
1025 4772 1245 4860 notionibus
1271 4773 1431 4858 insttudi
1469 4773 1508 4857 in
1548 4771 1733 4860 imulacti
1769 4769 1904 4888 fignifi-

528 4901 741 4999 cationem,
775 4905 814 4982 dt
836 4901 874 4982 in
903 4925 1034 4984 arcana
1057 4907 1178 5022 gentis
1196 4927 1391 5012 penetrate
1419 4908 1613 5012 potuimus
1634 4937 1645 4998 ;
1676 4928 1721 4984 ac
1746 4903 1904 5014 proinde
2071 4993 2076 5003 ,

526 5030 687 5127 omnia,
712 5053 809 5144 quae
836 5023 1087 5142 usqueadhuc
1114 5036 1243 5146 ignota
1271 5033 1406 5116 diduri
1422 5023 1580 5129 sumus,
1609 5027 1797 5116 tlatiffimi
1818 5037 1906 5117 Bou·

526 5159 612 5268 giae
627 5157 920 5246 benevolentiae
941 5188 1009 5244 nos
1026 5162 1192 5261 debere,
1210 5169 1374 5274 primum
1391 5183 1500 5274 grato
1521 5166 1651 5247 animo
1669 5159 1909 5274 profitente·

527 5285 682 5390 interim
700 5317 801 5406 quae
824 5296 862 5374 in
891 5293 1046 5377 laudato
1062 5293 1161 5378 labro
1189 5289 1369 5378 deDtufis
1404 5279 1555 5404 dispensa
1582 5297 1787 5410 leguntur,
1813 5323 1904 5383 cum

524 5419 655 5504 omnia
680 5447 780 5522 noua
798 5415 866 5508 int
886 5427 924 5508 u
941 5419 1096 5524 fidelia,
1118 5423 1322 5537 colligere,
1354 5425 1548 5534 &ordine
1583 5429 1750 5542 quodam
1778 5419 1903 5533 dispo·

1357 5557 1396 5639 Ο
1790 5581 1905 5658 nete;
