<?xml version="1.0" encoding="UTF-8"?>
<!DOCTYPE html PUBLIC "-//W3C//DTD XHTML 1.0 Transitional//EN"
    "http://www.w3.org/TR/xhtml1/DTD/xhtml1-transitional.dtd">
<html xmlns="http://www.w3.org/1999/xhtml" xml:lang="en" lang="en">
 <head>
  <title>
</title>
<meta http-equiv="Content-Type" content="text/html;charset=utf-8" />
  <meta name='ocr-system' content='tesseract 3.04.00' />
  <meta name='ocr-capabilities' content='ocr_page ocr_carea ocr_par ocr_line ocrx_word'/>
</head>
<body>
  <div class='ocr_page' id='page_1' title='image "./museumcuficumbo00adlegoog/museumcuficumbo00adlegoog_0086.png"; bbox 0 0 5225 7084; ppageno 0'>
   <div class='ocr_carea' id='block_1_1' title="bbox 1263 986 1547 1137">
    <p class='ocr_par' dir='ltr' id='par_1_1' title="bbox 1263 986 1547 1137">
     <span class='ocr_line' id='line_1_1' title="bbox 1263 986 1547 1137; baseline 0.007 -23"><span class='ocrx_word' id='word_1_1' title='bbox 1263 986 1547 1137; x_wconf 45' lang='lat' dir='ltr'>sis-(raud</span> 
     </span>
    </p>
   </div>
   <div class='ocr_carea' id='block_1_2' title="bbox 715 1191 2146 1846">
    <p class='ocr_par' dir='ltr' id='par_1_2' title="bbox 715 1191 2146 1717">
     <span class='ocr_line' id='line_1_2' title="bbox 718 1191 2091 1325; baseline 0.016 -40"><span class='ocrx_word' id='word_1_2' title='bbox 718 1200 865 1291; x_wconf 87' lang='lat' dir='ltr'>Tiberii</span> <span class='ocrx_word' id='word_1_3' title='bbox 885 1199 1095 1309; x_wconf 83' lang='lat' dir='ltr'>Abiimari,</span> <span class='ocrx_word' id='word_1_4' title='bbox 1118 1209 1256 1296; x_wconf 84' lang='lat' dir='ltr'>Leonis</span> <span class='ocrx_word' id='word_1_5' title='bbox 1267 1199 1473 1324; x_wconf 84' lang='lat' dir='ltr'>Sapientis,</span> <span class='ocrx_word' id='word_1_6' title='bbox 1481 1197 1650 1294; x_wconf 79' lang='lat' dir='ltr'>&#39;Romani</span> <span class='ocrx_word' id='word_1_7' title='bbox 1664 1193 1853 1325; x_wconf 85' lang='lat' dir='ltr'>Lecapeui</span> <span class='ocrx_word' id='word_1_8' title='bbox 1875 1191 2091 1316; x_wconf 70' lang='lat' dir='ltr'>,auorum-</span> 
     </span>
     <span class='ocr_line' id='line_1_3' title="bbox 715 1334 2146 1450; baseline 0.013 -32"><span class='ocrx_word' id='word_1_9' title='bbox 715 1361 792 1446; x_wconf 89' lang='lat' dir='ltr'>que</span> <span class='ocrx_word' id='word_1_10' title='bbox 809 1344 989 1450; x_wconf 85' lang='lat' dir='ltr'>reperitur</span> <span class='ocrx_word' id='word_1_11' title='bbox 1006 1370 1017 1431; x_wconf 78' lang='lat' dir='ltr'>s</span> <span class='ocrx_word' id='word_1_12' title='bbox 1037 1346 1076 1426; x_wconf 90' lang='lat' dir='ltr'>in</span> <span class='ocrx_word' id='word_1_13' title='bbox 1095 1345 1211 1428; x_wconf 90' lang='lat' dir='ltr'>unico</span> <span class='ocrx_word' id='word_1_14' title='bbox 1227 1365 1278 1430; x_wconf 80' lang='lat' dir='ltr'>tr.</span> <span class='ocrx_word' id='word_1_15' title='bbox 1289 1345 1410 1430; x_wconf 88' lang='lat' dir='ltr'>littera</span> <span class='ocrx_word' id='word_1_16' title='bbox 1429 1334 1631 1428; x_wconf 82' lang='lat' dir='ltr'>maiuscula</span> <span class='ocrx_word' id='word_1_17' title='bbox 1646 1345 1715 1440; x_wconf 86' lang='lat' dir='ltr'>M,</span> <span class='ocrx_word' id='word_1_18' title='bbox 1742 1369 1832 1429; x_wconf 89' lang='lat' dir='ltr'>cum</span> <span class='ocrx_word' id='word_1_19' title='bbox 1849 1366 1880 1428; x_wconf 86' lang='grc' dir='ltr'><strong>Δ</strong></span> <span class='ocrx_word' id='word_1_20' title='bbox 1898 1345 1990 1435; x_wconf 88' lang='lat' dir='ltr'>infra</span> <span class='ocrx_word' id='word_1_21' title='bbox 2006 1380 2089 1436; x_wconf 65' lang='lat' dir='ltr'>crua</span> <span class='ocrx_word' id='word_1_22' title='bbox 2140 1363 2146 1374; x_wconf 87' lang='lat'><strong><em>‘</em></strong></span> 
     </span>
     <span class='ocr_line' id='line_1_4' title="bbox 717 1467 2087 1588; baseline 0.015 -43"><span class='ocrx_word' id='word_1_23' title='bbox 717 1490 779 1564; x_wconf 89' lang='lat' dir='ltr'>ra,</span> <span class='ocrx_word' id='word_1_24' title='bbox 808 1469 947 1556; x_wconf 89' lang='lat' dir='ltr'>codem</span> <span class='ocrx_word' id='word_1_25' title='bbox 979 1471 1097 1558; x_wconf 90' lang='lat' dir='ltr'>modo</span> <span class='ocrx_word' id='word_1_26' title='bbox 1123 1467 1285 1588; x_wconf 85' lang='lat' dir='ltr'>scripta,</span> <span class='ocrx_word' id='word_1_27' title='bbox 1313 1503 1394 1588; x_wconf 91' lang='lat' dir='ltr'>quo</span> <span class='ocrx_word' id='word_1_28' title='bbox 1424 1469 1528 1556; x_wconf 83' lang='lat' dir='ltr'>illam</span> <span class='ocrx_word' id='word_1_29' title='bbox 1551 1475 1590 1555; x_wconf 89' lang='lat' dir='ltr'>in</span> <span class='ocrx_word' id='word_1_30' title='bbox 1621 1499 1783 1558; x_wconf 87' lang='lat' dir='ltr'>nummo</span> <span class='ocrx_word' id='word_1_31' title='bbox 1803 1503 1922 1563; x_wconf 88' lang='lat' dir='ltr'>aeneo</span> <span class='ocrx_word' id='word_1_32' title='bbox 1940 1481 2087 1566; x_wconf 83' lang='lat' dir='ltr'>Tiberii</span> 
     </span>
     <span class='ocr_line' id='line_1_5' title="bbox 716 1597 1841 1717; baseline 0.006 -37"><span class='ocrx_word' id='word_1_33' title='bbox 716 1599 886 1685; x_wconf 89' lang='lat' dir='ltr'>Mauritii</span> <span class='ocrx_word' id='word_1_34' title='bbox 906 1605 944 1686; x_wconf 93' lang='lat' dir='ltr'>iu</span> <span class='ocrx_word' id='word_1_35' title='bbox 966 1597 1093 1690; x_wconf 81' lang='lat' dir='ltr'>museo</span> <span class='ocrx_word' id='word_1_36' title='bbox 1111 1609 1303 1717; x_wconf 77' lang='lat' dir='ltr'>borgiauo</span> <span class='ocrx_word' id='word_1_37' title='bbox 1323 1604 1522 1689; x_wconf 68' lang='lat' dir='ltr'>saumatam</span> <span class='ocrx_word' id='word_1_38' title='bbox 1542 1603 1622 1686; x_wconf 92' lang='lat' dir='ltr'>vidi</span> <span class='ocrx_word' id='word_1_39' title='bbox 1638 1608 1762 1708; x_wconf 86' lang='lat'><strong>(89).</strong></span> <span class='ocrx_word' id='word_1_40' title='bbox 1820 1645 1841 1716; x_wconf 64' lang='grc' dir='ltr'><strong>χ</strong></span> 
     </span>
    </p>

    <p class='ocr_par' dir='ltr' id='par_1_3' title="bbox 844 1717 2086 1846">
     <span class='ocr_line' id='line_1_6' title="bbox 844 1717 2086 1846; baseline 0.01 -32"><span class='ocrx_word' id='word_1_41' title='bbox 844 1733 997 1846; x_wconf 85' lang='lat' dir='ltr'>Figuras</span> <span class='ocrx_word' id='word_1_42' title='bbox 1014 1717 1115 1819; x_wconf 81' lang='lat' dir='ltr'>tituli</span> <span class='ocrx_word' id='word_1_43' title='bbox 1134 1733 1289 1821; x_wconf 83' lang='lat' dir='ltr'>Arabici</span> <span class='ocrx_word' id='word_1_44' title='bbox 1306 1736 1570 1830; x_wconf 73' lang='lat' dir='ltr'>circumdant,</span> <span class='ocrx_word' id='word_1_45' title='bbox 1589 1737 1627 1817; x_wconf 92' lang='lat' dir='ltr'>in</span> <span class='ocrx_word' id='word_1_46' title='bbox 1647 1731 1796 1846; x_wconf 83' lang='lat' dir='ltr'>finguiis</span> <span class='ocrx_word' id='word_1_47' title='bbox 1823 1731 1899 1821; x_wconf 86' lang='lat' dir='ltr'>fere</span> <span class='ocrx_word' id='word_1_48' title='bbox 1918 1744 2086 1827; x_wconf 88' lang='lat' dir='ltr'>nummis</span> 
     </span>
    </p>
   </div>
   <div class='ocr_carea' id='block_1_3' title="bbox 571 1855 1949 1978">
    <p class='ocr_par' dir='ltr' id='par_1_4' title="bbox 571 1855 1949 1978">
     <span class='ocr_line' id='line_1_7' title="bbox 571 1855 1949 1978; baseline 0.004 -37"><span class='ocrx_word' id='word_1_49' title='bbox 571 1947 576 1954; x_wconf 59' lang='grc'>,</span> <span class='ocrx_word' id='word_1_50' title='bbox 705 1855 845 1946; x_wconf 85' lang='lat' dir='ltr'>-diverfi</span> <span class='ocrx_word' id='word_1_51' title='bbox 856 1920 869 1960; x_wconf 89' lang='lat'>,</span> <span class='ocrx_word' id='word_1_52' title='bbox 887 1869 924 1948; x_wconf 85' lang='lat' dir='ltr'>de</span> <span class='ocrx_word' id='word_1_53' title='bbox 943 1869 981 1948; x_wconf 93' lang='lat' dir='ltr'>in</span> <span class='ocrx_word' id='word_1_54' title='bbox 997 1867 1176 1951; x_wconf 88' lang='lat' dir='ltr'>omnibus</span> <span class='ocrx_word' id='word_1_55' title='bbox 1193 1871 1369 1978; x_wconf 83' lang='lat' dir='ltr'>imperite</span> <span class='ocrx_word' id='word_1_56' title='bbox 1386 1861 1547 1958; x_wconf 81' lang='lat' dir='ltr'>excudi,</span> <span class='ocrx_word' id='word_1_57' title='bbox 1565 1866 1739 1977; x_wconf 68' lang='lat' dir='ltr'>icduque</span> <span class='ocrx_word' id='word_1_58' title='bbox 1755 1863 1949 1951; x_wconf 75' lang='lat' dir='ltr'>difficiles.</span> 
     </span>
    </p>
   </div>
   <div class='ocr_carea' id='block_1_4' title="bbox 715 1989 2090 2371">
    <p class='ocr_par' dir='ltr' id='par_1_5' title="bbox 715 1989 2090 2371">
     <span class='ocr_line' id='line_1_8' title="bbox 847 1989 2086 2110; baseline 0.003 -32"><span class='ocrx_word' id='word_1_59' title='bbox 847 1990 886 2078; x_wconf 89' lang='lat' dir='ltr'><strong>A</strong></span> <span class='ocrx_word' id='word_1_60' title='bbox 904 1997 1025 2104; x_wconf 87' lang='lat' dir='ltr'>prima</span> <span class='ocrx_word' id='word_1_61' title='bbox 1041 2021 1167 2108; x_wconf 88' lang='lat' dir='ltr'>parte,</span> <span class='ocrx_word' id='word_1_62' title='bbox 1195 1998 1261 2085; x_wconf 92' lang='lat' dir='ltr'>ubi</span> <span class='ocrx_word' id='word_1_63' title='bbox 1281 1999 1486 2089; x_wconf 77' lang='lat' dir='ltr'>servatoris</span> <span class='ocrx_word' id='word_1_64' title='bbox 1505 1989 1649 2110; x_wconf 83' lang='lat' dir='ltr'>effigies</span> <span class='ocrx_word' id='word_1_65' title='bbox 1678 1997 1759 2093; x_wconf 82' lang='lat' dir='ltr'>est,</span> <span class='ocrx_word' id='word_1_66' title='bbox 1779 1997 1905 2082; x_wconf 87' lang='lat' dir='ltr'>haberi</span> <span class='ocrx_word' id='word_1_67' title='bbox 1936 1995 2086 2082; x_wconf 87' lang='lat' dir='ltr'>viderur</span> 
     </span>
     <span class='ocr_line' id='line_1_9' title="bbox 715 2109 2090 2237; baseline 0.008 -31"><span class='ocrx_word' id='word_1_68' title='bbox 715 2123 756 2206; x_wconf 89' lang='lat' dir='ltr'>in</span> <span class='ocrx_word' id='word_1_69' title='bbox 773 2127 899 2233; x_wconf 89' lang='lat' dir='ltr'>primo</span> <span class='ocrx_word' id='word_1_70' title='bbox 916 2153 1076 2212; x_wconf 88' lang='lat' dir='ltr'>nummo</span> <span class='ocrx_word' id='word_1_71' title='bbox 1095 2155 1222 2230; x_wconf 73' lang='lat' dir='ltr'>xtra,</span> <span class='ocrx_word' id='word_1_72' title='bbox 1246 2129 1294 2212; x_wconf 92' lang='lat' dir='ltr'>ad</span> <span class='ocrx_word' id='word_1_73' title='bbox 1322 2126 1497 2211; x_wconf 74' lang='lat' dir='ltr'>sinistram</span> <span class='ocrx_word' id='word_1_74' title='bbox 1517 2123 1682 2237; x_wconf 84' lang='lat' dir='ltr'>figurae,</span> <span class='ocrx_word' id='word_1_75' title='bbox 1715 2155 1857 2211; x_wconf 90' lang='lat' dir='ltr'>nornen</span> <span class='ocrx_word' id='word_1_76' title='bbox 1887 2109 1954 2230; x_wconf 67' lang='lat' dir='ltr'>cdi</span> <span class='ocrx_word' id='word_1_77' title='bbox 1976 2149 2090 2216; x_wconf 63' lang='grc' dir='ltr'>ύμ-</span> 
     </span>
     <span class='ocr_line' id='line_1_10' title="bbox 717 2253 2088 2371; baseline 0.003 -31"><span class='ocrx_word' id='word_1_78' title='bbox 717 2253 914 2343; x_wconf 67' lang='lat' dir='ltr'>Abducta,</span> <span class='ocrx_word' id='word_1_79' title='bbox 940 2257 990 2342; x_wconf 92' lang='lat' dir='ltr'>ad</span> <span class='ocrx_word' id='word_1_80' title='bbox 1014 2257 1186 2344; x_wconf 77' lang='lat' dir='ltr'>dextram</span> <span class='ocrx_word' id='word_1_81' title='bbox 1206 2287 1297 2347; x_wconf 88' lang='lat' dir='ltr'>vcro</span> <span class='ocrx_word' id='word_1_82' title='bbox 1316 2262 1411 2344; x_wconf 87' lang='lat' dir='ltr'>inter</span> <span class='ocrx_word' id='word_1_83' title='bbox 1430 2259 1521 2343; x_wconf 83' lang='lat' dir='ltr'>alias</span> <span class='ocrx_word' id='word_1_84' title='bbox 1540 2257 1684 2340; x_wconf 80' lang='lat' dir='ltr'>litteras</span> <span class='ocrx_word' id='word_1_85' title='bbox 1713 2263 1850 2343; x_wconf 86' lang='lat' dir='ltr'>iterum</span> <span class='ocrx_word' id='word_1_86' title='bbox 1877 2253 1944 2371; x_wconf 70' lang='lat' dir='ltr'>aui</span> <span class='ocrx_word' id='word_1_87' title='bbox 1967 2267 2088 2360; x_wconf 64' lang='lat' dir='ltr'>aula,</span> 
     </span>
    </p>
   </div>
   <div class='ocr_carea' id='block_1_5' title="bbox 2013 2395 2090 2478">
    <p class='ocr_par' dir='ltr' id='par_1_6' title="bbox 2013 2395 2090 2478">
     <span class='ocr_line' id='line_1_11' title="bbox 2013 2395 2090 2478; baseline -0.026 0"><span class='ocrx_word' id='word_1_88' title='bbox 2013 2395 2090 2478; x_wconf 88' lang='lat' dir='ltr'>Dei</span> 
     </span>
    </p>
   </div>
   <div class='ocr_carea' id='block_1_6' title="bbox 711 2610 2112 3682">
    <p class='ocr_par' dir='ltr' id='par_1_7' title="bbox 711 2610 2112 3682">
     <span class='ocr_line' id='line_1_12' title="bbox 764 2610 2084 2714; baseline 0.005 -33"><span class='ocrx_word' id='word_1_89' title='bbox 764 2610 846 2708; x_wconf 88' lang='lat'>(90)</span> <span class='ocrx_word' id='word_1_90' title='bbox 871 2613 1023 2688; x_wconf 84' lang='lat' dir='ltr'>Nummi</span> <span class='ocrx_word' id='word_1_91' title='bbox 1035 2613 1262 2703; x_wconf 88' lang='lat' dir='ltr'>huiusmodi,</span> <span class='ocrx_word' id='word_1_92' title='bbox 1287 2619 1324 2690; x_wconf 91' lang='lat' dir='ltr'>in</span> <span class='ocrx_word' id='word_1_93' title='bbox 1339 2616 1469 2714; x_wconf 88' lang='lat' dir='ltr'>quibus</span> <span class='ocrx_word' id='word_1_94' title='bbox 1484 2616 1624 2686; x_wconf 76' lang='lat' dir='ltr'>litterae</span> <span class='ocrx_word' id='word_1_95' title='bbox 1648 2617 1845 2693; x_wconf 80' lang='lat' dir='ltr'>rr.1.K.M.</span> <span class='ocrx_word' id='word_1_96' title='bbox 1861 2615 1990 2689; x_wconf 86' lang='lat' dir='ltr'>maiori</span> <span class='ocrx_word' id='word_1_97' title='bbox 2003 2612 2084 2688; x_wconf 83' lang='lat' dir='ltr'>for·</span> 
     </span>
     <span class='ocr_line' id='line_1_13' title="bbox 715 2709 2087 2811; baseline 0.004 -31"><span class='ocrx_word' id='word_1_98' title='bbox 715 2709 777 2781; x_wconf 87' lang='lat' dir='ltr'>ma</span> <span class='ocrx_word' id='word_1_99' title='bbox 802 2712 839 2783; x_wconf 88' lang='lat' dir='ltr'>in</span> <span class='ocrx_word' id='word_1_100' title='bbox 862 2713 980 2786; x_wconf 87' lang='lat' dir='ltr'>media</span> <span class='ocrx_word' id='word_1_101' title='bbox 1003 2737 1087 2789; x_wconf 88' lang='lat' dir='ltr'>area</span> <span class='ocrx_word' id='word_1_102' title='bbox 1110 2715 1270 2811; x_wconf 80' lang='lat' dir='ltr'>sculptae¹</span> <span class='ocrx_word' id='word_1_103' title='bbox 1293 2716 1395 2802; x_wconf 89' lang='lat' dir='ltr'>suut,</span> <span class='ocrx_word' id='word_1_104' title='bbox 1418 2710 1726 2788; x_wconf 75' lang='lat' dir='ltr'>animadvertente</span> <span class='ocrx_word' id='word_1_105' title='bbox 1753 2714 1963 2807; x_wconf 80' lang='lat' dir='ltr'>Bandurio,</span> <span class='ocrx_word' id='word_1_106' title='bbox 1988 2723 2087 2786; x_wconf 78' lang='lat' dir='ltr'>Ana·</span> 
     </span>
     <span class='ocr_line' id='line_1_14' title="bbox 711 2807 2089 2910; baseline 0.004 -29"><span class='ocrx_word' id='word_1_107' title='bbox 711 2807 803 2882; x_wconf 73' lang='lat' dir='ltr'>Prasii</span> <span class='ocrx_word' id='word_1_108' title='bbox 823 2816 1058 2906; x_wconf 87' lang='lat' dir='ltr'>Imperatoris</span> <span class='ocrx_word' id='word_1_109' title='bbox 1085 2836 1249 2910; x_wconf 89' lang='lat' dir='ltr'>tempore</span> <span class='ocrx_word' id='word_1_110' title='bbox 1271 2817 1442 2890; x_wconf 88' lang='lat' dir='ltr'>coronati</span> <span class='ocrx_word' id='word_1_111' title='bbox 1466 2833 1562 2884; x_wconf 88' lang='lat' dir='ltr'>anno</span> <span class='ocrx_word' id='word_1_112' title='bbox 1588 2833 1676 2904; x_wconf 86' lang='lat'><strong>491·</strong></span> <span class='ocrx_word' id='word_1_113' title='bbox 1701 2816 1860 2907; x_wconf 85' lang='lat' dir='ltr'>primunr</span> <span class='ocrx_word' id='word_1_114' title='bbox 1885 2831 2089 2888; x_wconf 88' lang='lat' dir='ltr'>occurrunt</span> 
     </span>
     <span class='ocr_line' id='line_1_15' title="bbox 714 2909 2112 3010; baseline 0.005 -33"><span class='ocrx_word' id='word_1_115' title='bbox 714 2909 816 3000; x_wconf 88' lang='lat' dir='ltr'>(Vid.</span> <span class='ocrx_word' id='word_1_116' title='bbox 835 2909 985 2989; x_wconf 79' lang='lat' dir='ltr'>Ansclmi</span> <span class='ocrx_word' id='word_1_117' title='bbox 1005 2913 1179 2988; x_wconf 85' lang='lat' dir='ltr'>Bandurii</span> <span class='ocrx_word' id='word_1_118' title='bbox 1206 2917 1395 3008; x_wconf 76' lang='lat' dir='ltr'>numismata</span> <span class='ocrx_word' id='word_1_119' title='bbox 1410 2925 1629 3010; x_wconf 76' lang='lat' dir='ltr'>imperatorum</span> <span class='ocrx_word' id='word_1_120' title='bbox 1642 2921 1727 2997; x_wconf 68' lang='lat' dir='ltr'>turra</span> <span class='ocrx_word' id='word_1_121' title='bbox 1749 2939 1768 2985; x_wconf 83' lang='lat' dir='ltr'>a</span> <span class='ocrx_word' id='word_1_122' title='bbox 1785 2918 1914 2985; x_wconf 80' lang='lat' dir='ltr'>Traiano</span> <span class='ocrx_word' id='word_1_123' title='bbox 1925 2919 2020 2986; x_wconf 84' lang='lat' dir='ltr'>Decio</span> <span class='ocrx_word' id='word_1_124' title='bbox 2047 2913 2112 2984; x_wconf 83' lang='lat' dir='ltr'>cd-</span> 
     </span>
     <span class='ocr_line' id='line_1_16' title="bbox 714 3006 2087 3110; baseline 0.004 -34"><span class='ocrx_word' id='word_1_125' title='bbox 714 3006 921 3104; x_wconf 81' lang='lat' dir='ltr'>·Paiaeulugor</span> <span class='ocrx_word' id='word_1_126' title='bbox 943 3019 1086 3088; x_wconf 85' lang='lat' dir='ltr'>tom.11.</span> <span class='ocrx_word' id='word_1_127' title='bbox 1114 3036 1198 3110; x_wconf 86' lang='lat' dir='ltr'>pag.</span> <span class='ocrx_word' id='word_1_128' title='bbox 1212 3021 1297 3108; x_wconf 86' lang='lat'>631.</span> <span class='ocrx_word' id='word_1_129' title='bbox 1328 3011 1437 3086; x_wconf 86' lang='lat' dir='ltr'>Paris.</span> <span class='ocrx_word' id='word_1_130' title='bbox 1453 3009 1590 3104; x_wconf 81' lang='lat'><strong>1718.)</strong></span> <span class='ocrx_word' id='word_1_131' title='bbox 1615 3011 1833 3097; x_wconf 80' lang='lat' dir='ltr'>Probabile,</span> <span class='ocrx_word' id='word_1_132' title='bbox 1856 3015 1920 3084; x_wconf 86' lang='lat' dir='ltr'>has</span> <span class='ocrx_word' id='word_1_133' title='bbox 1946 3015 2087 3083; x_wconf 82' lang='lat' dir='ltr'>litteras</span> 
     </span>
     <span class='ocr_line' id='line_1_17' title="bbox 715 3103 2092 3207; baseline 0.001 -27"><span class='ocrx_word' id='word_1_134' title='bbox 715 3129 786 3203; x_wconf 93' lang='lat' dir='ltr'>pro</span> <span class='ocrx_word' id='word_1_135' title='bbox 798 3110 954 3181; x_wconf 85' lang='lat' dir='ltr'>numeris</span> <span class='ocrx_word' id='word_1_136' title='bbox 967 3103 1397 3187; x_wconf 70' lang='lat' dir='ltr'>adhibitas&#39;nummorum</span> <span class='ocrx_word' id='word_1_137' title='bbox 1412 3114 1574 3185; x_wconf 86' lang='lat' dir='ltr'>valorem</span> <span class='ocrx_word' id='word_1_138' title='bbox 1587 3106 1798 3198; x_wconf 69' lang='lat' dir='ltr'>indicavisse,</span> <span class='ocrx_word' id='word_1_139' title='bbox 1808 3133 1933 3206; x_wconf 89' lang='lat' dir='ltr'>nempe</span> <span class='ocrx_word' id='word_1_140' title='bbox 1952 3109 2092 3207; x_wconf 66' lang='lat' dir='ltr'>equiu-</span> 
     </span>
     <span class='ocr_line' id='line_1_18' title="bbox 715 3207 2094 3310; baseline 0.002 -32"><span class='ocrx_word' id='word_1_141' title='bbox 715 3229 808 3304; x_wconf 86' lang='lat' dir='ltr'>que,</span> <span class='ocrx_word' id='word_1_142' title='bbox 831 3207 1008 3302; x_wconf 85' lang='lat' dir='ltr'>Idecern,</span> <span class='ocrx_word' id='word_1_143' title='bbox 1031 3211 1222 3309; x_wconf 85' lang='lat' dir='ltr'>Kviginri,</span> <span class='ocrx_word' id='word_1_144' title='bbox 1239 3219 1274 3284; x_wconf 89' lang='lat' dir='ltr'>M</span> <span class='ocrx_word' id='word_1_145' title='bbox 1289 3212 1556 3310; x_wconf 83' lang='lat' dir='ltr'>quadraginta.</span> <span class='ocrx_word' id='word_1_146' title='bbox 1587 3207 1734 3283; x_wconf 86' lang='lat' dir='ltr'>Harum</span> <span class='ocrx_word' id='word_1_147' title='bbox 1747 3234 1791 3284; x_wconf 84' lang='lat' dir='ltr'>err</span> <span class='ocrx_word' id='word_1_148' title='bbox 1806 3209 1928 3283; x_wconf 86' lang='lat' dir='ltr'>museo</span> <span class='ocrx_word' id='word_1_149' title='bbox 1940 3211 2094 3308; x_wconf 84' lang='lat' dir='ltr'>Borgia·</span> 
     </span>
     <span class='ocr_line' id='line_1_19' title="bbox 717 3303 2093 3409; baseline 0.003 -33"><span class='ocrx_word' id='word_1_150' title='bbox 717 3329 766 3376; x_wconf 89' lang='lat' dir='ltr'>no</span> <span class='ocrx_word' id='word_1_151' title='bbox 782 3307 928 3380; x_wconf 87' lang='lat' dir='ltr'>Velitris</span> <span class='ocrx_word' id='word_1_152' title='bbox 943 3312 1104 3407; x_wconf 83' lang='lat' dir='ltr'>exempla</span> <span class='ocrx_word' id='word_1_153' title='bbox 1119 3310 1323 3408; x_wconf 83' lang='lat' dir='ltr'>quaedam,</span> <span class='ocrx_word' id='word_1_154' title='bbox 1350 3331 1443 3409; x_wconf 86' lang='lat' dir='ltr'>quae</span> <span class='ocrx_word' id='word_1_155' title='bbox 1465 3303 1562 3402; x_wconf 91' lang='lat' dir='ltr'>apud</span> <span class='ocrx_word' id='word_1_156' title='bbox 1579 3307 1799 3382; x_wconf 88' lang='lat' dir='ltr'>Bandutium</span> <span class='ocrx_word' id='word_1_157' title='bbox 1822 3311 2093 3396; x_wconf 79' lang='lat' dir='ltr'>deiderantur,</span> 
     </span>
     <span class='ocr_line' id='line_1_20' title="bbox 718 3403 2094 3506; baseline -0.001 -28"><span class='ocrx_word' id='word_1_158' title='bbox 718 3403 851 3479; x_wconf 87' lang='lat' dir='ltr'>referre</span> <span class='ocrx_word' id='word_1_159' title='bbox 867 3408 987 3482; x_wconf 89' lang='lat' dir='ltr'>iuvat.</span> <span class='ocrx_word' id='word_1_160' title='bbox 1011 3419 1034 3478; x_wconf 72' lang='grc' dir='ltr'>Ε</span> <span class='ocrx_word' id='word_1_161' title='bbox 1055 3411 1228 3506; x_wconf 89' lang='lat' dir='ltr'>repetitur</span> <span class='ocrx_word' id='word_1_162' title='bbox 1244 3411 1280 3484; x_wconf 90' lang='lat' dir='ltr'>iu</span> <span class='ocrx_word' id='word_1_163' title='bbox 1293 3433 1445 3482; x_wconf 88' lang='lat' dir='ltr'>nummo</span> <span class='ocrx_word' id='word_1_164' title='bbox 1459 3404 1614 3494; x_wconf 66' lang='lat' dir='ltr'>rusticiani</span> <span class='ocrx_word' id='word_1_165' title='bbox 1626 3430 1710 3481; x_wconf 89' lang='lat' dir='ltr'>curn</span> <span class='ocrx_word' id='word_1_166' title='bbox 1725 3411 1918 3504; x_wconf 83' lang='lat' dir='ltr'>epigraphe</span> <span class='ocrx_word' id='word_1_167' title='bbox 1933 3408 2094 3479; x_wconf 76' lang='lat' dir='ltr'>V1CTO·</span> 
     </span>
     <span class='ocr_line' id='line_1_21' title="bbox 716 3503 2093 3606; baseline 0 -28"><span class='ocrx_word' id='word_1_168' title='bbox 716 3503 798 3578; x_wconf 86' lang='lat' dir='ltr'>RIA</span> <span class='ocrx_word' id='word_1_169' title='bbox 815 3507 929 3580; x_wconf 86' lang='lat' dir='ltr'><strong>AVG.</strong></span> <span class='ocrx_word' id='word_1_170' title='bbox 945 3513 978 3578; x_wconf 79' lang='lat' dir='ltr'>dt</span> <span class='ocrx_word' id='word_1_171' title='bbox 992 3527 1033 3580; x_wconf 84' lang='lat' dir='ltr'>ex</span> <span class='ocrx_word' id='word_1_172' title='bbox 1048 3514 1162 3582; x_wconf 90' lang='lat' dir='ltr'>altera</span> <span class='ocrx_word' id='word_1_173' title='bbox 1175 3530 1278 3606; x_wconf 86' lang='lat' dir='ltr'>parte</span> <span class='ocrx_word' id='word_1_174' title='bbox 1294 3530 1406 3605; x_wconf 91' lang='lat' dir='ltr'>caput</span> <span class='ocrx_word' id='word_1_175' title='bbox 1419 3507 1655 3605; x_wconf 81' lang='lat' dir='ltr'>Imperatoris</span> <span class='ocrx_word' id='word_1_176' title='bbox 1670 3508 1901 3582; x_wconf 85' lang='lat' dir='ltr'>finistrorsnm</span> <span class='ocrx_word' id='word_1_177' title='bbox 1916 3531 1999 3583; x_wconf 89' lang='lat' dir='ltr'>curn</span> <span class='ocrx_word' id='word_1_178' title='bbox 2010 3505 2093 3578; x_wconf 84' lang='lat' dir='ltr'>dia·</span> 
     </span>
     <span class='ocr_line' id='line_1_22' title="bbox 715 3601 2092 3682; baseline 0.002 -6"><span class='ocrx_word' id='word_1_179' title='bbox 715 3601 859 3676; x_wconf 85' lang='lat' dir='ltr'>demate</span> <span class='ocrx_word' id='word_1_180' title='bbox 875 3609 922 3680; x_wconf 89' lang='lat' dir='ltr'>D.</span> <span class='ocrx_word' id='word_1_181' title='bbox 941 3607 1292 3682; x_wconf 80' lang='lat' dir='ltr'>N.1VST1N1ANVS</span> <span class='ocrx_word' id='word_1_182' title='bbox 1313 3615 1353 3682; x_wconf 89' lang='lat' dir='ltr'>P.</span> <span class='ocrx_word' id='word_1_183' title='bbox 1369 3616 1409 3681; x_wconf 80' lang='grc' dir='ltr'>Ρ.</span> <span class='ocrx_word' id='word_1_184' title='bbox 1425 3615 1470 3681; x_wconf 78' lang='grc' dir='ltr'>Α.</span> <span class='ocrx_word' id='word_1_185' title='bbox 1496 3614 1536 3678; x_wconf 89' lang='lat' dir='ltr'>In</span> <span class='ocrx_word' id='word_1_186' title='bbox 1547 3601 1624 3674; x_wconf 83' lang='lat' dir='ltr'>alio</span> <span class='ocrx_word' id='word_1_187' title='bbox 1639 3629 1789 3680; x_wconf 88' lang='lat' dir='ltr'>nummo</span> <span class='ocrx_word' id='word_1_188' title='bbox 1811 3630 1922 3681; x_wconf 87' lang='lat' dir='ltr'>aeneo</span> <span class='ocrx_word' id='word_1_189' title='bbox 1937 3603 2092 3679; x_wconf 87' lang='lat' dir='ltr'>eiusdem</span> 
     </span>
    </p>
   </div>
   <div class='ocr_carea' id='block_1_7' title="bbox 715 3700 2221 3800">
    <p class='ocr_par' dir='ltr' id='par_1_8' title="bbox 715 3700 2221 3800">
     <span class='ocr_line' id='line_1_23' title="bbox 715 3700 2221 3800; baseline 0.005 -27"><span class='ocrx_word' id='word_1_190' title='bbox 715 3705 983 3797; x_wconf 86' lang='lat' dir='ltr'>Imperatorisa</span> <span class='ocrx_word' id='word_1_191' title='bbox 1003 3710 1240 3800; x_wconf 84' lang='lat' dir='ltr'>parte-antica</span> <span class='ocrx_word' id='word_1_192' title='bbox 1253 3706 1363 3779; x_wconf 87' lang='lat' dir='ltr'>exstat</span> <span class='ocrx_word' id='word_1_193' title='bbox 1385 3725 1495 3800; x_wconf 89' lang='lat' dir='ltr'>caput</span> <span class='ocrx_word' id='word_1_194' title='bbox 1517 3700 1593 3776; x_wconf 88' lang='lat' dir='ltr'>eius</span> <span class='ocrx_word' id='word_1_195' title='bbox 1608 3703 1837 3780; x_wconf 88' lang='lat' dir='ltr'>smistrorsum</span> <span class='ocrx_word' id='word_1_196' title='bbox 1861 3725 1946 3779; x_wconf 87' lang='lat' dir='ltr'>cum</span> <span class='ocrx_word' id='word_1_197' title='bbox 1967 3704 2094 3779; x_wconf 81' lang='lat' dir='ltr'>diade·</span> <span class='ocrx_word' id='word_1_198' title='bbox 2214 3713 2221 3720; x_wconf 83' lang='grc'><strong><em>’</em></strong></span> 
     </span>
    </p>
   </div>
   <div class='ocr_carea' id='block_1_8' title="bbox 718 3800 2095 3920">
    <p class='ocr_par' dir='ltr' id='par_1_9' title="bbox 718 3800 2095 3920">
     <span class='ocr_line' id='line_1_24' title="bbox 718 3800 2095 3920; baseline 0.001 -46"><span class='ocrx_word' id='word_1_199' title='bbox 718 3821 816 3874; x_wconf 87' lang='lat' dir='ltr'>mate</span> <span class='ocrx_word' id='word_1_200' title='bbox 832 3807 881 3878; x_wconf 86' lang='grc' dir='ltr'>Ι).</span> <span class='ocrx_word' id='word_1_201' title='bbox 896 3805 1347 3882; x_wconf 82' lang='lat' dir='ltr'>N.1VST1N1ANVSP.P.</span> <span class='ocrx_word' id='word_1_202' title='bbox 1362 3811 1425 3878; x_wconf 85' lang='grc' dir='ltr'>Α..</span> <span class='ocrx_word' id='word_1_203' title='bbox 1440 3857 1449 3874; x_wconf 93' lang='grc'><strong>.</strong></span> <span class='ocrx_word' id='word_1_204' title='bbox 1466 3854 1475 3876; x_wconf 88' lang='grc'><strong>.</strong></span> <span class='ocrx_word' id='word_1_205' title='bbox 1490 3859 1499 3876; x_wconf 93' lang='grc'><strong>.</strong></span> <span class='ocrx_word' id='word_1_206' title='bbox 1515 3825 1536 3875; x_wconf 92' lang='lat' dir='ltr'>a</span> <span class='ocrx_word' id='word_1_207' title='bbox 1550 3800 1688 3920; x_wconf 52' lang='lat' dir='ltr'>podica</span> <span class='ocrx_word' id='word_1_208' title='bbox 1700 3813 1731 3878; x_wconf 85' lang='lat' dir='ltr'>K</span> <span class='ocrx_word' id='word_1_209' title='bbox 1744 3828 1914 3904; x_wconf 86' lang='lat' dir='ltr'>magnum</span> <span class='ocrx_word' id='word_1_210' title='bbox 1937 3807 1972 3879; x_wconf 91' lang='lat' dir='ltr'>in</span> <span class='ocrx_word' id='word_1_211' title='bbox 1985 3823 2095 3891; x_wconf 86' lang='lat' dir='ltr'>area,</span> 
     </span>
    </p>
   </div>
   <div class='ocr_carea' id='block_1_9' title="bbox 716 3911 2093 4562">
    <p class='ocr_par' dir='ltr' id='par_1_10' title="bbox 717 3911 2092 4004">
     <span class='ocr_line' id='line_1_25' title="bbox 717 3911 2092 4004; baseline 0.003 -20"><span class='ocrx_word' id='word_1_212' title='bbox 717 3932 740 3984; x_wconf 87' lang='lat' dir='ltr'>a</span> <span class='ocrx_word' id='word_1_213' title='bbox 762 3911 899 3986; x_wconf 83' lang='lat' dir='ltr'>finistris</span> <span class='ocrx_word' id='word_1_214' title='bbox 927 3937 952 3988; x_wconf 81' lang='lat' dir='ltr'>a</span> <span class='ocrx_word' id='word_1_215' title='bbox 974 3967 986 4002; x_wconf 96' lang='lat'>,</span> <span class='ocrx_word' id='word_1_216' title='bbox 1008 3934 1030 3988; x_wconf 92' lang='lat' dir='ltr'>a</span> <span class='ocrx_word' id='word_1_217' title='bbox 1054 3915 1191 3990; x_wconf 83' lang='lat' dir='ltr'>dextris</span> <span class='ocrx_word' id='word_1_218' title='bbox 1219 3941 1334 4004; x_wconf 85' lang='lat' dir='ltr'>crux,</span> <span class='ocrx_word' id='word_1_219' title='bbox 1354 3925 1388 3988; x_wconf 76' lang='grc' dir='ltr'>δι</span> <span class='ocrx_word' id='word_1_220' title='bbox 1418 3919 1560 3992; x_wconf 86' lang='lat' dir='ltr'>litterae</span> <span class='ocrx_word' id='word_1_221' title='bbox 1587 3940 1640 3993; x_wconf 85' lang='lat' dir='ltr'>er</span> <span class='ocrx_word' id='word_1_222' title='bbox 1656 3929 1810 3999; x_wconf 79' lang='lat' dir='ltr'>nome,</span> <span class='ocrx_word' id='word_1_223' title='bbox 1830 3936 1964 3986; x_wconf 88' lang='lat' dir='ltr'>nomen</span> <span class='ocrx_word' id='word_1_224' title='bbox 1990 3913 2092 3988; x_wconf 90' lang='lat' dir='ltr'>urbis</span> 
     </span>
    </p>

    <p class='ocr_par' dir='ltr' id='par_1_11' title="bbox 720 4011 2091 4114">
     <span class='ocr_line' id='line_1_26' title="bbox 720 4011 2091 4114; baseline 0 -30"><span class='ocrx_word' id='word_1_225' title='bbox 720 4013 957 4099; x_wconf 83' lang='lat' dir='ltr'>Antiochiae,</span> <span class='ocrx_word' id='word_1_226' title='bbox 980 4037 1072 4112; x_wconf 90' lang='lat' dir='ltr'>quae</span> <span class='ocrx_word' id='word_1_227' title='bbox 1091 4015 1365 4114; x_wconf 73' lang='lat' dir='ltr'>rbeupoiisdidia</span> <span class='ocrx_word' id='word_1_228' title='bbox 1385 4016 1432 4089; x_wconf 88' lang='lat' dir='ltr'>cst</span> <span class='ocrx_word' id='word_1_229' title='bbox 1456 4018 1683 4112; x_wconf 86' lang='lat' dir='ltr'>temporibus</span> <span class='ocrx_word' id='word_1_230' title='bbox 1706 4021 1974 4108; x_wconf 86' lang='lat' dir='ltr'>Imperatorum</span> <span class='ocrx_word' id='word_1_231' title='bbox 2001 4011 2091 4086; x_wconf 87' lang='lat' dir='ltr'>infe·</span> 
     </span>
    </p>

    <p class='ocr_par' dir='ltr' id='par_1_12' title="bbox 721 4109 2091 4209">
     <span class='ocr_line' id='line_1_27' title="bbox 721 4109 2091 4209; baseline 0.001 -27"><span class='ocrx_word' id='word_1_232' title='bbox 721 4113 830 4184; x_wconf 87' lang='lat' dir='ltr'>rioris</span> <span class='ocrx_word' id='word_1_233' title='bbox 859 4109 1011 4188; x_wconf 84' lang='lat' dir='ltr'>saeculi.</span> <span class='ocrx_word' id='word_1_234' title='bbox 1041 4117 1226 4188; x_wconf 87' lang='lat' dir='ltr'>Nummus</span> <span class='ocrx_word' id='word_1_235' title='bbox 1238 4137 1370 4187; x_wconf 85' lang='lat' dir='ltr'>aeneus</span> <span class='ocrx_word' id='word_1_236' title='bbox 1400 4113 1719 4209; x_wconf 68' lang='lat' dir='ltr'>iibetiicnnsiantiui</span> <span class='ocrx_word' id='word_1_237' title='bbox 1745 4135 1787 4186; x_wconf 87' lang='lat' dir='ltr'>cx</span> <span class='ocrx_word' id='word_1_238' title='bbox 1814 4133 1884 4184; x_wconf 88' lang='lat' dir='ltr'>una</span> <span class='ocrx_word' id='word_1_239' title='bbox 1907 4133 2008 4207; x_wconf 84' lang='lat' dir='ltr'>parte</span> <span class='ocrx_word' id='word_1_240' title='bbox 2029 4136 2091 4184; x_wconf 85' lang='lat' dir='ltr'>ex·</span> 
     </span>
    </p>

    <p class='ocr_par' dir='ltr' id='par_1_13' title="bbox 719 4209 2092 4310">
     <span class='ocr_line' id='line_1_28' title="bbox 719 4209 2092 4310; baseline 0.003 -30"><span class='ocrx_word' id='word_1_241' title='bbox 719 4209 819 4284; x_wconf 91' lang='lat' dir='ltr'>hibet</span> <span class='ocrx_word' id='word_1_242' title='bbox 836 4221 964 4305; x_wconf 76' lang='lat' dir='ltr'>&#39;caput</span> <span class='ocrx_word' id='word_1_243' title='bbox 999 4214 1286 4310; x_wconf 76' lang='lat' dir='ltr'>Imperatorisa</span> <span class='ocrx_word' id='word_1_244' title='bbox 1314 4211 1434 4288; x_wconf 86' lang='lat' dir='ltr'>fronte</span> <span class='ocrx_word' id='word_1_245' title='bbox 1470 4222 1623 4310; x_wconf 86' lang='lat' dir='ltr'>gemmis</span> <span class='ocrx_word' id='word_1_246' title='bbox 1664 4215 1818 4288; x_wconf 72' lang='lat' dir='ltr'>cinerum</span> <span class='ocrx_word' id='word_1_247' title='bbox 1850 4210 2092 4306; x_wconf 85' lang='lat' dir='ltr'>pendentibus</span> 
     </span>
    </p>

    <p class='ocr_par' dir='ltr' id='par_1_14' title="bbox 721 4309 2092 4412">
     <span class='ocr_line' id='line_1_29' title="bbox 721 4309 2092 4412; baseline -0.001 -28"><span class='ocrx_word' id='word_1_248' title='bbox 721 4309 847 4398; x_wconf 80' lang='lat' dir='ltr'>tertiis,</span> <span class='ocrx_word' id='word_1_249' title='bbox 869 4309 997 4387; x_wconf 82' lang='lat' dir='ltr'>dextra</span> <span class='ocrx_word' id='word_1_250' title='bbox 1022 4313 1283 4400; x_wconf 87' lang='lat' dir='ltr'>involucrum,</span> <span class='ocrx_word' id='word_1_251' title='bbox 1309 4315 1412 4386; x_wconf 86' lang='lat' dir='ltr'>laeta</span> <span class='ocrx_word' id='word_1_252' title='bbox 1439 4311 1633 4412; x_wconf 82' lang='lat' dir='ltr'>scipionem</span> <span class='ocrx_word' id='word_1_253' title='bbox 1658 4313 1928 4410; x_wconf 87' lang='lat' dir='ltr'>aquiligerum,</span> <span class='ocrx_word' id='word_1_254' title='bbox 1959 4312 2092 4385; x_wconf 85' lang='lat' dir='ltr'>attrito</span> 
     </span>
    </p>

    <p class='ocr_par' dir='ltr' id='par_1_15' title="bbox 716 4408 2093 4562">
     <span class='ocr_line' id='line_1_30' title="bbox 716 4408 2093 4516; baseline 0.002 -35"><span class='ocrx_word' id='word_1_255' title='bbox 716 4408 834 4512; x_wconf 81' lang='lat' dir='ltr'>¹titulo</span> <span class='ocrx_word' id='word_1_256' title='bbox 859 4419 904 4476; x_wconf 80' lang='grc' dir='ltr'>ΠΙ</span> <span class='ocrx_word' id='word_1_257' title='bbox 920 4419 959 4477; x_wconf 83' lang='grc' dir='ltr'>τι</span> <span class='ocrx_word' id='word_1_258' title='bbox 975 4453 984 4475; x_wconf 91' lang='grc'><strong>.</strong></span> <span class='ocrx_word' id='word_1_259' title='bbox 1006 4460 1014 4479; x_wconf 93' lang='grc'><strong>.</strong></span> <span class='ocrx_word' id='word_1_260' title='bbox 1031 4423 1139 4497; x_wconf 75' lang='lat' dir='ltr'>AP1³13</span> <span class='ocrx_word' id='word_1_261' title='bbox 1158 4432 1300 4510; x_wconf 81' lang='lat' dir='ltr'>aparte</span> <span class='ocrx_word' id='word_1_262' title='bbox 1331 4410 1477 4487; x_wconf 87' lang='lat' dir='ltr'>adversa</span> <span class='ocrx_word' id='word_1_263' title='bbox 1491 4421 1528 4486; x_wconf 89' lang='lat' dir='ltr'>M</span> <span class='ocrx_word' id='word_1_264' title='bbox 1542 4438 1718 4516; x_wconf 84' lang='lat' dir='ltr'>magnum</span> <span class='ocrx_word' id='word_1_265' title='bbox 1739 4413 1775 4485; x_wconf 87' lang='lat' dir='ltr'>in</span> <span class='ocrx_word' id='word_1_266' title='bbox 1789 4433 1895 4498; x_wconf 85' lang='lat' dir='ltr'>arca,</span> <span class='ocrx_word' id='word_1_267' title='bbox 1919 4409 2093 4485; x_wconf 80' lang='lat' dir='ltr'>adextris</span> 
     </span>
     <span class='ocr_line' id='line_1_31' title="bbox 1137 4529 1146 4562; baseline 0 0"><span class='ocrx_word' id='word_1_268' title='bbox 1137 4529 1146 4562; x_wconf 85' lang='grc' dir='ltr'>Ι</span> 
     </span>
    </p>
   </div>
   <div class='ocr_carea' id='block_1_10' title="bbox 713 4527 2101 5473">
    <p class='ocr_par' dir='ltr' id='par_1_16' title="bbox 713 4527 2101 5473">
     <span class='ocr_line' id='line_1_32' title="bbox 1100 4527 1128 4562; baseline -0.107 0"><span class='ocrx_word' id='word_1_269' title='bbox 1100 4527 1128 4562; x_wconf 78' lang='grc' dir='ltr'>Η</span> 
     </span>
     <span class='ocr_line' id='line_1_33' title="bbox 721 4578 2093 4688; baseline 0.001 -38"><span class='ocrx_word' id='word_1_270' title='bbox 721 4578 889 4668; x_wconf 83' lang='lat' dir='ltr'>ANNO,</span> <span class='ocrx_word' id='word_1_271' title='bbox 913 4580 1087 4654; x_wconf 84' lang='lat' dir='ltr'>afinistris</span> <span class='ocrx_word' id='word_1_272' title='bbox 1105 4585 1165 4670; x_wconf 87' lang='lat' dir='ltr'>U,</span> <span class='ocrx_word' id='word_1_273' title='bbox 1187 4583 1222 4656; x_wconf 90' lang='lat' dir='ltr'>in</span> <span class='ocrx_word' id='word_1_274' title='bbox 1236 4578 1567 4688; x_wconf 79' lang='lat' dir='ltr'>exergoTHEUP(</span> <span class='ocrx_word' id='word_1_275' title='bbox 1580 4581 1771 4684; x_wconf 66' lang='lat' dir='ltr'>aucupari).</span> <span class='ocrx_word' id='word_1_276' title='bbox 1792 4579 1858 4654; x_wconf 79' lang='lat' dir='ltr'>Sed</span> <span class='ocrx_word' id='word_1_277' title='bbox 1871 4582 1962 4654; x_wconf 90' lang='lat' dir='ltr'>aliae</span> <span class='ocrx_word' id='word_1_278' title='bbox 1984 4581 2093 4654; x_wconf 90' lang='lat' dir='ltr'>etiarn</span> 
     </span>
     <span class='ocr_line' id='line_1_34' title="bbox 722 4675 2097 4778; baseline 0.001 -30"><span class='ocrx_word' id='word_1_279' title='bbox 722 4675 864 4750; x_wconf 88' lang='lat' dir='ltr'>litterae</span> <span class='ocrx_word' id='word_1_280' title='bbox 876 4681 1064 4768; x_wconf 85' lang='lat' dir='ltr'>Graecae,</span> <span class='ocrx_word' id='word_1_281' title='bbox 1088 4703 1228 4778; x_wconf 87' lang='lat' dir='ltr'>praeter</span> <span class='ocrx_word' id='word_1_282' title='bbox 1252 4684 1506 4754; x_wconf 87' lang='lat' dir='ltr'>Romanorum</span> <span class='ocrx_word' id='word_1_283' title='bbox 1531 4682 1745 4760; x_wconf 85' lang='lat' dir='ltr'>numerandi</span> <span class='ocrx_word' id='word_1_284' title='bbox 1768 4703 1903 4767; x_wconf 87' lang='lat' dir='ltr'>notas,</span> <span class='ocrx_word' id='word_1_285' title='bbox 1929 4682 1964 4753; x_wconf 92' lang='lat' dir='ltr'>in</span> <span class='ocrx_word' id='word_1_286' title='bbox 1990 4704 2097 4752; x_wconf 91' lang='lat' dir='ltr'>num-</span> 
     </span>
     <span class='ocr_line' id='line_1_35' title="bbox 723 4777 2093 4880; baseline 0.004 -33"><span class='ocrx_word' id='word_1_287' title='bbox 723 4777 793 4848; x_wconf 89' lang='lat' dir='ltr'>mis</span> <span class='ocrx_word' id='word_1_288' title='bbox 821 4799 1045 4868; x_wconf 90' lang='lat' dir='ltr'>occurrunt,</span> <span class='ocrx_word' id='word_1_289' title='bbox 1066 4801 1108 4852; x_wconf 91' lang='lat' dir='ltr'>ut</span> <span class='ocrx_word' id='word_1_290' title='bbox 1131 4802 1168 4853; x_wconf 82' lang='grc' dir='ltr'>Δ.</span> <span class='ocrx_word' id='word_1_291' title='bbox 1186 4797 1213 4850; x_wconf 77' lang='lat' dir='ltr'>tr</span> <span class='ocrx_word' id='word_1_292' title='bbox 1236 4801 1329 4864; x_wconf 76' lang='lat' dir='ltr'>cen,</span> <span class='ocrx_word' id='word_1_293' title='bbox 1356 4780 1489 4876; x_wconf 88' lang='lat' dir='ltr'>quibus</span> <span class='ocrx_word' id='word_1_294' title='bbox 1514 4787 1702 4868; x_wconf 58' lang='lat' dir='ltr'>litterae,</span> <span class='ocrx_word' id='word_1_295' title='bbox 1726 4804 1818 4880; x_wconf 91' lang='lat' dir='ltr'>quae</span> <span class='ocrx_word' id='word_1_296' title='bbox 1842 4799 2093 4852; x_wconf 81' lang='lat' dir='ltr'>numeruntur.</span> 
     </span>
     <span class='ocr_line' id='line_1_36' title="bbox 723 4875 2099 4975; baseline -0.001 -25"><span class='ocrx_word' id='word_1_297' title='bbox 723 4875 904 4964; x_wconf 87' lang='lat' dir='ltr'>denotat,</span> <span class='ocrx_word' id='word_1_298' title='bbox 925 4900 947 4949; x_wconf 86' lang='lat' dir='ltr'>e</span> <span class='ocrx_word' id='word_1_299' title='bbox 969 4879 1127 4951; x_wconf 90' lang='lat' dir='ltr'>nummis</span> <span class='ocrx_word' id='word_1_300' title='bbox 1152 4880 1265 4953; x_wconf 83' lang='lat' dir='ltr'>tribus</span> <span class='ocrx_word' id='word_1_301' title='bbox 1283 4880 1401 4952; x_wconf 87' lang='lat' dir='ltr'>aeneis</span> <span class='ocrx_word' id='word_1_302' title='bbox 1429 4883 1607 4958; x_wconf 83' lang='lat' dir='ltr'>rariffimis</span> <span class='ocrx_word' id='word_1_303' title='bbox 1629 4884 1796 4956; x_wconf 71' lang='lat' dir='ltr'>hactenus</span> <span class='ocrx_word' id='word_1_304' title='bbox 1824 4877 1959 4975; x_wconf 82' lang='lat' dir='ltr'>ignotis</span> <span class='ocrx_word' id='word_1_305' title='bbox 1983 4899 2025 4949; x_wconf 79' lang='lat' dir='ltr'>ex</span> <span class='ocrx_word' id='word_1_306' title='bbox 2040 4899 2099 4950; x_wconf 89' lang='lat' dir='ltr'>eo·</span> 
     </span>
     <span class='ocr_line' id='line_1_37' title="bbox 713 4975 2097 5081; baseline -0.001 -31"><span class='ocrx_word' id='word_1_307' title='bbox 713 4975 808 5050; x_wconf 49' lang='lat' dir='ltr'>*dem</span> <span class='ocrx_word' id='word_1_308' title='bbox 833 4975 954 5050; x_wconf 83' lang='lat' dir='ltr'>museo</span> <span class='ocrx_word' id='word_1_309' title='bbox 978 4979 1158 5076; x_wconf 83' lang='lat' dir='ltr'>Borgiano</span> <span class='ocrx_word' id='word_1_310' title='bbox 1184 4977 1352 5055; x_wconf 86' lang='lat' dir='ltr'>addimus</span> <span class='ocrx_word' id='word_1_311' title='bbox 1374 4979 1450 5064; x_wconf 85' lang='lat' dir='ltr'>,in</span> <span class='ocrx_word' id='word_1_312' title='bbox 1478 5007 1637 5081; x_wconf 88' lang='lat' dir='ltr'>quorum</span> <span class='ocrx_word' id='word_1_313' title='bbox 1662 5003 1731 5053; x_wconf 88' lang='lat' dir='ltr'>una</span> <span class='ocrx_word' id='word_1_314' title='bbox 1755 5000 1858 5074; x_wconf 85' lang='lat' dir='ltr'>parre</span> <span class='ocrx_word' id='word_1_315' title='bbox 1882 4976 1969 5050; x_wconf 86' lang='lat' dir='ltr'>nibil</span> <span class='ocrx_word' id='word_1_316' title='bbox 1991 4997 2097 5072; x_wconf 88' lang='lat' dir='ltr'>prac-</span> 
     </span>
     <span class='ocr_line' id='line_1_38' title="bbox 725 5075 2098 5175; baseline 0 -27"><span class='ocrx_word' id='word_1_317' title='bbox 725 5097 780 5148; x_wconf 88' lang='lat' dir='ltr'>ter</span> <span class='ocrx_word' id='word_1_318' title='bbox 802 5075 961 5151; x_wconf 84' lang='lat' dir='ltr'>litteram</span> <span class='ocrx_word' id='word_1_319' title='bbox 987 5109 1038 5164; x_wconf 81' lang='grc' dir='ltr'>ς,</span> <span class='ocrx_word' id='word_1_320' title='bbox 1060 5080 1106 5151; x_wconf 88' lang='lat' dir='ltr'>ab</span> <span class='ocrx_word' id='word_1_321' title='bbox 1130 5080 1243 5151; x_wconf 86' lang='lat' dir='ltr'>altera</span> <span class='ocrx_word' id='word_1_322' title='bbox 1271 5102 1359 5150; x_wconf 84' lang='lat' dir='ltr'>crux</span> <span class='ocrx_word' id='word_1_323' title='bbox 1381 5084 1604 5175; x_wconf 88' lang='lat' dir='ltr'>aequilatera</span> <span class='ocrx_word' id='word_1_324' title='bbox 1632 5081 1750 5155; x_wconf 87' lang='lat' dir='ltr'>tribus</span> <span class='ocrx_word' id='word_1_325' title='bbox 1781 5075 1953 5175; x_wconf 86' lang='lat' dir='ltr'>gradibus</span> <span class='ocrx_word' id='word_1_326' title='bbox 1978 5077 2098 5156; x_wconf 76' lang='lat' dir='ltr'>innixa</span> 
     </span>
     <span class='ocr_line' id='line_1_39' title="bbox 727 5172 2100 5274; baseline 0.001 -27"><span class='ocrx_word' id='word_1_327' title='bbox 727 5195 810 5247; x_wconf 87' lang='lat' dir='ltr'>cum</span> <span class='ocrx_word' id='word_1_328' title='bbox 826 5173 936 5247; x_wconf 89' lang='lat' dir='ltr'>titulo</span> <span class='ocrx_word' id='word_1_329' title='bbox 950 5175 1085 5249; x_wconf 90' lang='lat' dir='ltr'>detrito</span> <span class='ocrx_word' id='word_1_330' title='bbox 1108 5175 1423 5272; x_wconf 75' lang='lat' dir='ltr'>animaduertitur.</span> <span class='ocrx_word' id='word_1_331' title='bbox 1443 5183 1538 5255; x_wconf 84' lang='lat' dir='ltr'>Beda</span> <span class='ocrx_word' id='word_1_332' title='bbox 1550 5182 1668 5256; x_wconf 63' lang='lat' dir='ltr'>libari.</span> <span class='ocrx_word' id='word_1_333' title='bbox 1680 5181 1718 5250; x_wconf 87' lang='lat' dir='ltr'>de</span> <span class='ocrx_word' id='word_1_334' title='bbox 1728 5181 1951 5274; x_wconf 83' lang='lat' dir='ltr'>indigitatione</span> <span class='ocrx_word' id='word_1_335' title='bbox 1964 5172 2100 5262; x_wconf 87' lang='lat' dir='ltr'>scribit,</span> 
     </span>
     <span class='ocr_line' id='line_1_40' title="bbox 727 5273 2100 5378; baseline -0.001 -32"><span class='ocrx_word' id='word_1_336' title='bbox 727 5274 892 5346; x_wconf 87' lang='lat' dir='ltr'>Graecos</span> <span class='ocrx_word' id='word_1_337' title='bbox 914 5281 988 5346; x_wconf 87' lang='lat' dir='ltr'>tres</span> <span class='ocrx_word' id='word_1_338' title='bbox 1007 5299 1176 5347; x_wconf 89' lang='lat' dir='ltr'>numeros</span> <span class='ocrx_word' id='word_1_339' title='bbox 1197 5273 1385 5371; x_wconf 78' lang='lat' dir='ltr'>exprcffiss&#39;e</span> <span class='ocrx_word' id='word_1_340' title='bbox 1412 5285 1560 5378; x_wconf 74' lang='lat' dir='ltr'>propris</span> <span class='ocrx_word' id='word_1_341' title='bbox 1585 5281 1709 5364; x_wconf 85' lang='lat' dir='ltr'>notis,</span> <span class='ocrx_word' id='word_1_342' title='bbox 1731 5300 1823 5372; x_wconf 90' lang='lat' dir='ltr'>quae</span> <span class='ocrx_word' id='word_1_343' title='bbox 1839 5299 1880 5348; x_wconf 82' lang='lat' dir='ltr'>ex</span> <span class='ocrx_word' id='word_1_344' title='bbox 1896 5275 2100 5367; x_wconf 78' lang='lat' dir='ltr'>Aipbabcro</span> 
     </span>
     <span class='ocr_line' id='line_1_41' title="bbox 728 5369 2101 5473; baseline -0.009 -28"><span class='ocrx_word' id='word_1_345' title='bbox 728 5395 803 5445; x_wconf 89' lang='lat' dir='ltr'>non</span> <span class='ocrx_word' id='word_1_346' title='bbox 818 5369 922 5445; x_wconf 84' lang='lat' dir='ltr'>sunt·</span> <span class='ocrx_word' id='word_1_347' title='bbox 952 5373 1071 5446; x_wconf 79' lang='lat' dir='ltr'>Prima</span> <span class='ocrx_word' id='word_1_348' title='bbox 1087 5373 1134 5446; x_wconf 90' lang='lat' dir='ltr'>est</span> <span class='ocrx_word' id='word_1_349' title='bbox 1146 5406 1185 5457; x_wconf 47' lang='grc' dir='ltr'>,ς</span> <span class='ocrx_word' id='word_1_350' title='bbox 1200 5395 1289 5448; x_wconf 86' lang='lat' dir='ltr'>nota</span> <span class='ocrx_word' id='word_1_351' title='bbox 1308 5379 1446 5448; x_wconf 89' lang='lat' dir='ltr'>numeri</span> <span class='ocrx_word' id='word_1_352' title='bbox 1460 5409 1508 5457; x_wconf 74' lang='lat' dir='ltr'>vr.</span> <span class='ocrx_word' id='word_1_353' title='bbox 1531 5384 1656 5454; x_wconf 77' lang='lat' dir='ltr'>Altera</span> <span class='ocrx_word' id='word_1_354' title='bbox 1678 5379 1738 5464; x_wconf 88' lang='lat' dir='ltr'>G,</span> <span class='ocrx_word' id='word_1_355' title='bbox 1759 5399 1851 5473; x_wconf 87' lang='lat' dir='ltr'>quae</span> <span class='ocrx_word' id='word_1_356' title='bbox 1864 5395 2020 5448; x_wconf 88' lang='lat' dir='ltr'>vocatur</span> <span class='ocrx_word' id='word_1_357' title='bbox 2042 5384 2101 5447; x_wconf 81' lang='lat' dir='ltr'>Co.</span> 
     </span>
    </p>
   </div>
   <div class='ocr_carea' id='block_1_11' title="bbox 723 5472 2101 5652">
    <p class='ocr_par' dir='ltr' id='par_1_17' title="bbox 723 5472 2101 5652">
     <span class='ocr_line' id='line_1_42' title="bbox 723 5472 2101 5643; baseline 0.017 -101"><span class='ocrx_word' id='word_1_358' title='bbox 723 5472 803 5643; x_wconf 54' lang='lat' dir='ltr'>piria</span> <span class='ocrx_word' id='word_1_359' title='bbox 819 5525 829 5556; x_wconf 81' lang='lat'>,</span> <span class='ocrx_word' id='word_1_360' title='bbox 845 5479 876 5543; x_wconf 83' lang='lat' dir='ltr'>dr</span> <span class='ocrx_word' id='word_1_361' title='bbox 889 5473 984 5546; x_wconf 84' lang='lat' dir='ltr'>valet</span> <span class='ocrx_word' id='word_1_362' title='bbox 998 5475 1088 5550; x_wconf 88' lang='lat' dir='ltr'>iuter</span> <span class='ocrx_word' id='word_1_363' title='bbox 1104 5495 1211 5552; x_wconf 87' lang='lat' dir='ltr'>notas</span> <span class='ocrx_word' id='word_1_364' title='bbox 1231 5475 1437 5551; x_wconf 84' lang='lat' dir='ltr'>numericas</span> <span class='ocrx_word' id='word_1_365' title='bbox 1457 5507 1510 5556; x_wconf 81' lang='lat' dir='ltr'>xc.</span> <span class='ocrx_word' id='word_1_366' title='bbox 1523 5480 1646 5554; x_wconf 87' lang='lat' dir='ltr'>Tertia</span> <span class='ocrx_word' id='word_1_367' title='bbox 1666 5476 1712 5551; x_wconf 85' lang='lat' dir='ltr'>est</span> <span class='ocrx_word' id='word_1_368' title='bbox 1732 5505 1773 5546; x_wconf 74' lang='lat' dir='ltr'>ra</span> <span class='ocrx_word' id='word_1_369' title='bbox 1793 5498 1986 5563; x_wconf 71' lang='lat' dir='ltr'>euremarus</span> <span class='ocrx_word' id='word_1_370' title='bbox 2008 5493 2101 5571; x_wconf 67' lang='lat'><em>‘1¹¹²‘</em></span> 
     </span>
     <span class='ocr_line' id='line_1_43' title="bbox 727 5593 1079 5652; baseline 0.02 -8"><span class='ocrx_word' id='word_1_371' title='bbox 727 5595 771 5645; x_wconf 85' lang='lat' dir='ltr'>va</span> <span class='ocrx_word' id='word_1_372' title='bbox 788 5593 824 5646; x_wconf 88' lang='lat' dir='ltr'>et</span> <span class='ocrx_word' id='word_1_373' title='bbox 846 5595 978 5652; x_wconf 85' lang='lat' dir='ltr'>occec.</span> <span class='ocrx_word' id='word_1_374' title='bbox 1072 5625 1079 5636; x_wconf 72' lang='lat'>,</span> 
     </span>
    </p>
   </div>
   <div class='ocr_carea' id='block_1_12' title="bbox 0 0 2655 7076">
    <p class='ocr_par' dir='ltr' id='par_1_18' title="bbox 0 0 2655 7076">
     <span class='ocr_line' id='line_1_44' title="bbox 0 0 2655 7076; baseline 0 0"><span class='ocrx_word' id='word_1_375' title='bbox 0 0 2655 7076; x_wconf 95' lang='lat' dir='ltr'> </span> 
     </span>
    </p>
   </div>
  </div>
 </body>
</html>
