5225 7084
1212 990 1569 1131 ‚etruri-

725 1223 902 1318 rnnpooe
927 1227 1067 1290 nomn
1083 1201 1123 1286 in
1148 1203 1228 1292 cius
1243 1197 1337 1320 figni
1361 1207 1491 1293 iocum
1520 1203 1739 1294 substituere
1754 1209 1986 1326 incipiebant
2001 1267 2015 1312 ,
2031 1199 2096 1320 scs

731 1339 786 1424 ita
805 1363 936 1422 tamen
951 1337 999 1420 ad
1017 1337 1152 1422 umeris
1164 1339 1283 1420 notis
1306 1350 1532 1431 memoriam
1551 1335 1795 1449 dispositum,
1826 1369 1869 1428 ut
1897 1339 2005 1427 hasce
2023 1365 2100 1428 trec

728 1466 850 1554 lineas
877 1493 1071 1580 tamquam
1091 1467 1386 1562 firndamennaics
1409 1465 1553 1583 semper
1570 1465 1721 1555 referret
1740 1527 1753 1550 .

823 1603 867 1690 ln
881 1600 1017 1682 cadem
1027 1595 1158 1692 tabula
1172 1600 1322 1694 additur
1330 1605 1371 1686 in
1386 1597 1676 1685 sincdciineatio
1692 1599 1826 1713 tempsi
1848 1603 2100 1712 Mcccnni,ut

712 1785 715 1796 ·
726 1730 770 1832 in
786 1752 915 1842 patera
933 1730 1082 1842 progica
1092 1731 1277 1844 Bongiana
1289 1723 1393 1844 supra
1406 1729 1537 1845 adnot.
1550 1731 1785 1838 ,pp-laudata
1795 1733 2021 1828 exhibetur.
2042 1735 2100 1818 ri·

666 1927 671 1934 .
729 1857 1008 1972 gnraoblonga
1036 1858 1224 1944 celebrem
1242 1861 1388 1947 cabum
1415 1852 1559 1961 restet,
1580 1862 1633 1945 ad
1659 1889 1773 1973 quam
1800 1863 2097 1960 Mrsmmcdani,

731 1985 965 2100 ubicumque
983 1983 1073 2084 srnt,
1096 2013 1185 2084 cum
1204 2017 1331 2104 preces
1348 1988 1507 2079 fundunt
1524 1988 1670 2091 ,facies
1684 2016 1911 2082 convertunt
1928 2052 1940 2073 .
1957 1994 2097 2103 Cingi-¹

731 2141 795 2204 tur
811 2109 931 2204 sersus
949 2121 1096 2229 apicem
1128 2118 1288 2232 pretioso
1315 2107 1462 2234 panno,
1490 2127 1554 2206 cui
1572 2124 1611 2206 in
1627 2119 1698 2208 hac
1726 2146 1853 2234 patera
1881 2117 2098 2236 inscriptum

732 2285 810 2414 en:
841 2299 1042 2455 tribu,
1062 2288 1356 2426 maist
1377 2291 1500 2410 nra
1533 2334 1618 2414 rm
1647 2327 1854 2437 moen,
1881 2328 2100 2444 ,moiun

732 2506 842 2620 susus
864 2537 1016 2648 legatur
1044 2528 1353 2638 psMuhamcd.
1386 2527 1485 2656 Infra
1508 2537 1557 2627 ad
1583 2538 1729 2625 laevam
1756 2564 1861 2662 petra
1879 2541 1988 2652 nigra
2015 2565 2098 2624 cer·

731 2673 862 2766 nitur,
895 2689 1013 2780 quarn
1038 2663 1267 2761 scabricie
1294 2664 1432 2776 angeio
1455 2666 1506 2754 ad
1522 2669 1674 2764 Cabum
1705 2669 1964 2756 exstruendam
1991 2668 2099 2752 catio

729 2788 922 2896 demissam
952 2787 1021 2877 csse
1045 2786 1230 2881 somniant
1247 2850 1258 2874 .
1273 2795 1354 2893 ‚Ad
1368 2795 1486 2891 latera
1512 2797 1682 2922 deniqne
1709 2799 1822 2894 huius
1839 2796 2001 2892 aedificii
2028 2823 2098 2882 ex·

730 2925 822 3028 ssent
848 2918 1130 3024 semicirculus,
1156 2925 1223 3042 qui
1239 2927 1363 3018 ruinas
1382 2925 1513 3022 Came
1529 2932 1707 3046 antiquie
1736 2927 1877 3030 refert,
1903 2935 1943 3017 ar
1971 2930 2098 3016 varro
2169 3016 2174 3022 ,

730 3049 890 3142 saceisa.
920 3057 1084 3148 Patere,
1118 3077 1217 3164 quae
1235 3051 1527 3148 delineationem
1547 3057 1654 3148 iliam
1671 3058 1861 3158 exhibet,
1882 3049 2095 3144 intrinsecus

731 3177 1006 3284 &extrinsecus
1033 3183 1176 3280 titulis,
1203 3208 1320 3294 arque
1337 3179 1467 3292 figuris
1484 3179 1624 3306 figmta
1640 3187 1714 3274 cst.
1748 3183 1984 3274 Extrinsecus
2001 3189 2098 3268 inter
2250 3225 2262 3258 r

730 3317 806 3406 alia
823 3315 994 3429 legitur,
1021 3307 1197 3395 eamdem
1221 3308 1350 3396 afferre
1374 3313 1632 3416 medicinam,
1660 3313 1688 3400 fi
1712 3317 1886 3404 laborans
1913 3342 1962 3398 ex
1976 3339 2022 3396 ea
2036 3311 2131 3397 bi·'

730 3441 827 3545 bat,
853 3467 982 3538 contra
999 3435 1170 3525 'motsum
1200 3435 1402 3554 serpentis,
1428 3440 1659 3556 scorpionis,
1688 3451 1791 3532 canis
1808 3503 1822 3546 ,
1841 3446 2008 3532 colicum
2027 3442 2099 3525 do·

730 3559 852 3662 sorem
866 3597 940 3657 cet.
973 3562 1190 3661 lutrinsecus
1223 3597 1279 3656 ter
1308 3565 1497 3658 sexdecim
1527 3576 1646 3664 loculi
1681 3576 1854 3690 quadrati
1885 3572 2100 3682 templum,

730 3701 836 3818 quod
856 3725 1030 3788 centrum
1052 3725 1241 3808 occupat,
1264 3699 1532 3785 circumdant.
1560 3706 1738 3812 Qotum
1754 3703 1830 3788 'alii
1857 3703 1987 3788 titulos
2005 3697 2097 3783 Ara·

730 3836 837 3922 bicos
856 3827 1013 3917 Cuficos
1030 3825 1535 3925 continenr‚ve1rerficn10s
1556 3832 1726 3945 Cocani,
1744 3833 1804 3917 vel
1821 3829 2002 3919 formulas
2021 3855 2096 3912 rna·

591 3970 598 3983 '
730 3968 863 4082 gicasr
892 3962 955 4050 alii
973 3957 1137 4072 figuras,
1158 3954 1258 4044 cifris
1275 3957 1448 4044 Arabicis
1468 3963 1606 4045 cinnas
1623 3963 1832 4062 exhibent,
1857 3960 1996 4074 quibus
2015 3963 2096 4043 vim

730 4116 905 4182 arcanam
922 4085 1029 4174 inesse
1056 4111 1212 4200 putant.
1241 4095 1325 4174 Hae
1346 4085 1489 4200 figurae
1507 4083 1588 4175 sunt
1604 4096 1715 4193 osio,
1745 4093 1793 4175 ad
1816 4087 1921 4176 usum
1939 4112 2089 4202 patetne

731 4221 951 4338 spectantes,
971 4222 1150 4305 nimirum
1169 4220 1295 4312 canis,
1331 4210 1554 4333 scorpionis,
1588 4217 1753 4306 hominis
1787 4219 1947 4332 pedibus
1965 4209 2096 4303 decus·

606 4330 610 4348 ’
733 4351 838 4442 satim
856 4346 1049 4437 infidentis
1061 4407 1074 4448 ,
1086 4346 1232 4448 nessae,
1246 4348 1418 4436 animalis
1434 4347 1715 4464 quadrupedis,
1742 4348 1942 4464 serpentis,
1960 4353 2098 4433 iterum
2149 4379 2153 4388 ·

635 4481 640 4494 ’
732 4486 925 4582 hominis,
947 4487 986 4567 bc
1007 4477 1118 4566 lunae
1140 4472 1365 4564 crescentis.
1394 4481 1483 4589 Qua
1500 4477 1700 4566 occasronc
1717 4476 1976 4579 observamus,
2007 4477 2098 4560 Mu·

735 4613 964 4700 hamedanos
985 4611 1095 4692 lunae
1113 4605 1229 4722 figura
1247 4609 1287 4690 in
1305 4613 1530 4694 memoriam
1550 4607 1663 4722 fugae
1682 4608 1922 4694 Muhamedis
1939 4635 1988 4691 cx
2004 4603 2097 4689 urbe

734 4745 874 4830 Mecca
895 4743 974 4836 uti,
1007 4761 1137 4848 utpote
1163 4762 1261 4850 quae
1296 4738 1384 4821 resse
1403 4740 1595 4850 Scaligeto
1624 4739 1690 4824 lib.
1704 4744 1751 4823 11·
1771 4743 1817 4825 dc
1835 4731 2098 4822 emendatione

736 4897 946 4984 temporam
963 4892 1075 4982 paga
1089 4895 1109 4974 3
1121 4893 1143 4970 7
1154 4863 1380 4968 .(Coloniae
1398 4875 1550 4970 1629.)
1561 4871 1699 4954 accidit
1712 4865 1975 4974 corniculantt
1991 4862 2105 4943 suna.

734 5007 962 5116 Numquam
980 4997 1123 5084 cultum
1137 4997 1246 5082 lunae
1264 5020 1507 5082 exercuerunt
1517 4998 1803 5114 Muhamcdoni,
1810 4997 1875 5106 qui
1890 4986 1964 5104 ipso
1976 4989 2102 5072 Cora·

735 5159 787 5216 no
800 5131 872 5232 iliis
884 5136 1020 5224 veritus
1031 5127 1102 5214 fuit
1118 5129 1176 5210 his
1189 5125 1311 5208 verbis
1323 5129 1429 5228 (Sura
1441 5121 1604 5212 xmvers
1613 5159 1632 5236 3
1645 5132 1703 5234 5.)
1715 5133 1774 5210 Nc
1791 5120 1961 5212 adoretis
1970 5119 2106 5226 solem,

588 5255 593 5260 ¹
737 5287 861 5380 neque
877 5256 1113 5374 lunamsed
1129 5258 1539 5371 manuteneamus
1555 5257 1936 5369 ircavicensem
1954 5243 2116 5350 caricis,

1662 5453 1667 5462 ’
1838 5471 1844 5478 ’
1913 5457 2115 5549 Momm.
