5225 7084
1199 1000 1482 1151 prule

660 1211 747 1294 seen
766 1199 977 1317 sunr(24).
992 1212 1084 1324 Qo
1102 1211 1234 1310 modo,
1253 1237 1382 1328 quove
1398 1233 1572 1324 tempore
1589 1205 1630 1294 hi
1642 1214 1790 1317 nummi
1810 1219 1849 1301 in
1868 1241 2028 1301 remotas

662 1339 744 1422 illas
778 1345 989 1451 provincias
1024 1343 1301 1456 migraverint,
1332 1369 1423 1429 cum
1456 1365 1589 1428 contra
1623 1347 1663 1426 in
1696 1345 2029 1460 propinquioribus

662 1473 823 1570 orienti,
849 1474 956 1559 ltalia
970 1531 987 1572 ,
1002 1473 1157 1562 Gallia,
1180 1477 1273 1560 nulli
1303 1499 1487 1589 umquam
1505 1468 1576 1555 sint
1602 1474 1774 1562 inventi,
1802 1477 1958 1560 arduum
1976 1474 2030 1558 est

662 1593 905 1708 perscrutati.
927 1603 1055 1703 Kelrr,
1072 1631 1188 1717 quern
1207 1605 1445 1692 laudavimus
1463 1665 1476 1706 ,
1492 1629 1559 1689 eos
1571 1600 1621 1685 ab
1635 1608 1767 1720 equite
1785 1592 1953 1723 quodarn
1973 1629 2033 1689 or·
2183 1662 2188 1670 -

662 1727 762 1812 dinis
780 1736 1007 1837 Teutonici,
1036 1733 1183 1822 abellis
1205 1762 1336 1862 contra
1351 1733 1554 1870 Saracenos
1583 1731 1691 1846 gestis
1721 1736 1881 1836 reduce,
1905 1740 1944 1820 in
1960 1739 2031 1818 Βο·

664 1856 811 1946 rulstarn
836 1867 1008 1955 inventos
1024 1860 1093 1948 elie
1115 1891 1244 1979 purat.
1264 1868 1556 1964 Batthelenrius,
1573 1863 1799 1952 donrffimus
1811 1871 1926 1982 Regis
1942 1864 2033 1950 Gal·

664 1989 737 2074 liae
753 1995 962 2104 interpres,
984 2023 1051 2080 eos
1067 2025 1157 2084 cunr
1176 1997 1388 2082 nationibus
1396 2003 1588 2097 Taratum
1598 1996 1658 2082 vel
1677 1998 1924 2110 Mogolorutn
1938 2052 1951 2092 ,
1966 1996 2032 2078 alii

618 2215 625 2242 ἱ
664 2121 814 2208 ebellis
832 2119 962 2230 sacris,
989 2127 1052 2211 alii
1068 2153 1117 2210 es
1135 2125 1407 2216 incursionibus
1434 2131 1663 2243 populorum
1684 2121 2031 2238 septentrionalium
2195 2217 2198 2233 ,

665 2252 706 2334 in
730 2249 898 2340 Africam
916 2254 1018 2342 faciit
1035 2315 1049 2357 ,
1066 2261 1104 2342 in
1122 2259 1188 2343 has
1210 2263 1424 2372 provincias
1445 2253 1579 2348 venisse
1594 2249 1745 2340 censtnt
1763 2315 1773 2334 .
1798 2263 1943 2340 Omnes
1960 2259 2032 2338 hae

668 2373 870 2504 sententiae
885 2392 1119 2474 coniecturae
1132 2383 1244 2489 sunt,
1262 2388 1337 2500 ¹nis
1353 2417 1492 2490 vmae,
1519 2381 1732 2502 ingeniosae
1750 2413 1901 2471 tamen:
1928 2387 2039 2470 nobis

666 2511 780 2596 aliam
809 2507 985 2620 brevibus
1007 2519 1313 2619 addere-liceat,
1347 2550 1449 2634 quae
1474 2545 1522 2606 an
1541 2515 1777 2605 verisimilior
1799 2515 1862 2616 fit,
1881 2519 2035 2605 videant

667 2643 834 2745 eruditi,
863 2649 988 2732 videas
1005 2676 1081 2746 ru,
1112 2647 1318 2734 doclillime
1337 2643 1507 2749 Praesul,
1530 2655 1596 2732 cui
1623 2648 1689 2730 has
1715 2651 1850 2733 nostras
1868 2646 2037 2733 lucubra-

666 2779 787 2860 tiones
804 2775 977 2862 dedicare
997 2779 1211 2866 voluimus.
1233 2779 1488 2863 Commercio
1516 2779 1642 2888 potius
1668 2803 1783 2893 quarn
1806 2779 2034 2891 populorurn

671 2905 959 3015 migrationibus
984 2911 1181 3016 pecuniam
1199 2908 1418 3019 divulgati,
1445 2913 1484 2991 δι
1512 2932 1561 2989 err
1592 2931 1668 2988 uno
1692 2911 1732 2988 in
1748 2907 1851 2988 aliud
1873 2895 2036 3016 regnum

671 3030 890 3135 transferri,
913 3035 1060 3122 hillotia
1075 3045 1113 3124 &
1130 3042 1358 3148 experientia
1378 3064 1445 3122 nos
1469 3037 1640 3122 docent.
1673 3039 1806 3147 ltaque
1829 3031 1856 3117 sr
1876 3037 2040 3150 probare

672 3157 883 3272 possemus,
911 3172 1006 3252 inter
1033 3167 1242 3252 occidentis
1265 3174 1311 3252 δι
1339 3171 1494 3278 orientis
1522 3165 1908 3277 populosantiquitus
1930 3192 2040 3249 cont-

671 3299 856 3380 mercium
885 3292 1134 3398 intercessisse,
1159 3292 1472 3382 verisimillimum
1494 3295 1584 3381 inde
1611 3291 1720 3378 fieret
1736 3351 1749 3390 ,
1766 3321 1842 3380 non
1860 3299 1937 3380 alio
1955 3321 2041 3378 mo·

670 3422 750 3524 do,
780 3424 845 3510 nist
866 3453 998 3512 mutua
1028 3422 1395 3516 hacconsuetudine
1425 3453 1604 3512 nummos
1628 3423 1799 3508 Arabum
1830 3429 1870 3510 in
1897 3417 2041 3535 septen·

671 3558 804 3638 trionis
821 3581 940 3667 partes
962 3551 1125 3643 venisse.
1154 3563 1234 3642 latn
1253 3582 1343 3640 vero
1361 3585 1439 3641 non
1453 3554 1580 3669 inodo
1598 3547 1734 3639 scimus
1756 3611 1770 3651 ,
1797 3559 1952 3640 orientis
1970 3581 2040 3665 po·
2202 3577 2206 3585 ’

672 3685 780 3793 pulos
796 3735 808 3772 2
826 3684 999 3788 Arabes,
1029 3681 1150 3772 Persas
1167 3686 1328 3798 ,Indos
1354 3686 1404 3773 ab
1437 3683 1698 3800 antiquissmis
1720 3685 1976 3796 temporibus,
1999 3709 2041 3769 ut

675 3813 813 3900 milites
836 3817 1069 3929 intrepidos,
1103 3823 1142 3902 &
1168 3816 1431 3916 invincibiles,
1459 3821 1512 3902 ita
1540 3819 1680 3899 artium
1702 3818 1820 3900 etiarn
1851 3815 2042 3912 cultores,

606 3965 611 3975 ·
675 3950 897 4035 commercii
929 3947 1232 4062 &navigationis
1259 3950 1396 4060 peritos
1424 3940 1525 4032 fuiss
1542 3952 1664 4052 (25):
1695 3938 1757 4027 sed
1778 3951 1815 4030 in
1833 3939 1960 4032 iistlem
1984 3972 2046 4028 ut·

670 4072 805 4174 bibus,
838 4079 1086 4162 Samatcanda
1102 4085 1139 4163 &
1156 4075 1347 4175 bocharn,
1383 4079 1448 4162 ubi
1478 4081 1646 4190 plerique
1665 4103 1908 4161 nummorum
1928 4083 1968 4160 in
1991 4069 2046 4162 se«.-

571 4299 581 4312 „
676 4210 887 4317 ptentrione
905 4204 1112 4294 effossurum
1130 4199 1378 4310 excusesunt,
1406 4209 1535 4292 medio
1550 4231 1646 4290 aevo
1674 4231 1923 4294 mercaturam
1941 4235 2050 4332 egre·

675 4339 743 4451 gie
766 4333 924 4424 floruisse
952 4339 1145 4454 legimus.
1180 4339 1345 4454 Singulis
1361 4345 1470 4424 annis
1492 4367 1570 4422 non
1590 4337 1710 4451 modo¹
1727 4363 1749 4418 e
1766 4333 1908 4422 Persae
1934 4340 2051 4422 &In-

680 4467 766 4551 diae
796 4467 979 4568 urbibus,
1009 4464 1070 4556 sed
1097 4497 1120 4554 e
1153 4465 1349 4557 Moscovia
1375 4473 1490 4554 etiam
1523 4491 1748 4553 rnercarores
1778 4497 1827 4552 eo
1847 4459 2050 4582 appulisse,

682 4592 815 4710 easque
846 4601 984 4684 iterum
1005 4628 1120 4688 naves
1150 4627 1240 4683 curn
1274 4595 1345 4684 suis
1364 4601 1553 4685 mercibus
1585 4623 1651 4709 pet
1670 4602 1800 4682 Oxum
1829 4603 1987 4685 fluvium
2018 4591 2057 4681 in
2091 4696 2094 4702 ¹
2155 4685 2165 4696 ,⁷

683 4751 788 4812 snare
805 4723 1019 4844 Caspium,
1045 4729 1241 4816 &deinde
1267 4754 1336 4842 per
1364 4735 1509 4816 slurnen
1528 4729 1693 4844 Volgatn
1720 4734 1759 4813 in
1797 4725 2057 4818 Moscoviams
2093 4743 2097 4748 '

1960 4862 2055 4942 &in

736 5137 818 5236 (ις)
842 5137 1051 5214 Nonnullos
1077 5161 1206 5215 eorum
1233 5135 1373 5212 erudite
1388 5137 1580 5235 explicavit
1603 5095 1672 5214 cel.
1686 5133 1897 5210 Aurivillius
1919 5134 1956 5207 in
1970 5132 2058 5208 aslis

689 5235 950 5336 Upsalienstbus
967 5243 1379 5314 vol.1v.an.noccrxxv.

686 5337 1233 5536 ali&iesoussieogtaphiam
1247 5333 1418 5412 Nubiens.
1434 5337 1591 5410 Climate
1604 5341 1634 5411 Ι.
1644 5336 1784 5432 parus.
1800 5385 1812 5422 ,
1826 5330 2059 5431 Abulfarag„
