5225 7084
1075 1113 1079 1118 ,
1160 997 1162 1000 ’
1273 985 1557 1128 blatii·

724 1195 914 1310 irlpuntla
929 1197 1151 1284 recentioris
1171 1197 1303 1282 aetatis
1319 1196 1527 1297 dicuntur,
1553 1225 1670 1313 quant
1692 1192 1958 1288 eonlbnantes:
1992 1207 2044 1290 ita
2059 1209 2098 1288 de

658 1347 661 1354 '
726 1327 873 1412 Arabes
888 1333 1036 1443 antiqui
1062 1355 1136 1411 non
1164 1351 1367 1440 potuerunt
1387 1355 1466 1412 uon
1492 1322 1649 1412 seribere
1677 1332 1841 1437 primum
1859 1334 2002 1419 litteras
2019 1391 2035 1431 ‚
2050 1335 2098 1416 li⁴

611 1455 616 1464 ’
730 1452 886 1570 neasque
904 1484 1118 1543 atramento
1137 1461 1277 1570 nigro,
1303 1457 1443 1542 deinde
1458 1457 1574 1542 rubro
1588 1460 1718 1544 colore
1741 1466 1876 1569 puncta
1902 1464 2097 1548 adiicere.

718 1593 815 1669 Hoc
849 1615 924 1672 non
949 1587 1105 1701 impedit
1123 1645 1136 1684 ,
1159 1589 1251 1700 quin
1273 1579 1437 1671 cinisem
1453 1592 1583 1673 aetatis
1598 1590 1724 1674 diram
1743 1597 1875 1700 punita
1902 1596 2100 1676 &litteras

723 1715 878 1802 Culicas
898 1721 956 1806 rid
968 1718 1072 1830 quod
1085 1715 1159 1800 hoc
1177 1741 1399 1831 argumento
1414 1719 1571 1830 probate
1589 1720 1706 1807 uolui:
1717 1721 1823 1804 Illud
1837 1719 2098 1829 manifestum,

726 1850 783 1929 ad
798 1851 1005 1960 antiquam
1025 1848 1278 1955 scripturam
1290 1847 1501 1935 Arabicam
1520 1846 1714 1955 Cufinsene
1738 1850 1935 1956 pertinere
1948 1851 2095 1959 puella

725 1975 799 2059 illa
820 1977 940 2061 rubra
957 2039 968 2078 ,
986 2008 1073 2062 reem
1092 1977 1133 2058 in
1153 1975 1361 2064 recentiori
1377 1975 1490 2062 lineis
1508 1979 1585 2060 loco
1597 1979 1828 2085 punitorum
1844 1981 2095 2088 notataefirtt

642 2210 645 2217 Ι
729 2101 882 2190 uocatas
901 2166 911 2187 .
942 2111 1033 2195 Inde
1050 2107 1262 2220 oeriptmtte
1280 2104 1359 2213 est,
1383 2108 1454 2191 itta
1472 2108 1524 2193 ab
1538 2105 1653 2191 initio
1673 2107 1825 2194 litteris
1843 2105 2098 2215 additafret‘f·

715 2233 764 2338 se
784 2297 794 2319 .
827 2236 958 2322 Paullo
978 2239 1125 2351 longius
1143 2239 1235 2324 illud
1251 2263 1437 2349 exponam
1455 2294 1469 2332 ,
1484 2262 1600 2352 atque
1616 2231 1833 2325 sententiam
1851 2263 1974 2323 meam
1990 2262 2096 2322 extra
2212 2294 2218 2333 ,-

728 2363 1004 2452 dubitationem
1033 2363 1187 2478 pofitatn
1209 2363 1307 2468 effe,
1337 2368 1619 2480 intelligemus.
1650 2371 1694 2452 lu
1723 2369 1886 2478 antiquis
1915 2366 2096 2452 codicum

726 2491 950 2580 Culicorum
973 2498 1139 2612 reliquiis
1156 2499 1312 2584 uocales
1326 2496 1480 2606 puellis
1494 2496 1612 2583 rubris
1628 2498 1834 2592 indicatas,
1848 2498 2012 2581 litteras
2030 2521 2097 2579 ve·

725 2647 769 2705 ro
794 2623 912 2738 figura
933 2631 1027 2710 inter
1051 2623 1086 2710 se
1110 2624 1244 2712 fimiles
1273 2625 1425 2740 lineolis
1443 2628 1628 2718 diuitem
1646 2627 1846 2710 uidemus:
1873 2653 2005 2710 contra
2023 2632 2094 2708 in·
2123 2687 2125 2691 .

723 2747 924 2864 scriptura,
944 2781 1017 2867 qua
1036 2755 1150 2840 hodie
1170 2782 1324 2844 utuntur
1340 2735 1484 2840 Arabes
1499 2815 1513 2852 ‚
1530 2755 1692 2840 litterae
1707 2755 1861 2864 puellis
1872 2752 2093 2852 ,discernun-

723 2908 783 2964 tur
803 2943 829 2981 a.
844 2887 997 2966 uocales
1016 2885 1167 2968 lineolis·
1189 2887 1428 2968 indicantur.
1461 2884 1642 2992 Aprima
1657 2885 1785 2967 buires
1805 2886 1900 2966 nove·
1916 2887 2108 2992 seribere.

720 3011 769 3094 -di
793 3012 946 3122 generis
964 3009 1204 3118 institutione
1232 3039 1381 3111 morem
1409 3013 1518 3098 illurn
1538 3007 1757 3109 obstruite,
1786 3013 1936 3099 vocales
1957 3017 2089 3109 lineis,

723 3143 932 3226 litterarum
953 3145 1117 3229 valorem
1143 3149 1289 3252 punctis
1303 3141 1498 3240 iudicare,
1534 3169 1613 3226 tam
1631 3171 1775 3228 eertum
1802 3144 1881 3235 cll,
1912 3146 1955 3228 ut
1973 3153 2089 3230 etiam

622 3285 623 3288 ‘
722 3273 762 3352 in
781 3265 1002 3384 quibusdam
1022 3279 1188 3358 nummis
1205 3277 1303 3377 (60)
1323 3276 1411 3368 ‚vel
1442 3277 1727 3371 monumentis,
1750 3301 1846 3387 quae
1865 3274 1942 3384 poll
1962 3278 2092 3360 iuven·

719 3423 797 3483 tarn
816 3397 1028 3512 scripturam
1047 3430 1239 3486 recentem
1258 3405 1393 3485 litteris
1407 3400 1552 3487 Culicis
1568 3408 1731 3514 antiquis
1757 3405 1810 3486 ob
1827 3410 2008 3488 maiotem
2026 3431 2094 3486 eo-

722 3555 807 3612 rum
826 3526 1118 3641 perspicuitatem
1139 3528 1277 3641 signata
1298 3525 1398 3627 lunt,
1422 3553 1498 3613 non
1518 3536 1639 3615 linear
1656 3540 1852 3642 antiquae,
1882 3531 1942 3615 sed
1959 3539 2094 3640 pundla

722 3665 870 3740 nouiter
889 3665 1037 3742 inuenta
1056 3662 1399 3742 animadvertantur
1423 3722 1433 3741 .
1470 3667 1628 3743 Novum
1654 3662 1728 3742 hoc
1747 3656 1929 3745 scribendi
1951 3687 2094 3773 genus,

654 3863 659 3890 ‚
723 3786 825 3900 quod
849 3790 961 3871 bodie
979 3788 1101 3872 adhuc
1122 3785 1183 3874 usu
1203 3795 1335 3878 floret,
1358 3795 1554 3872 inventum
1573 3816 1595 3889 a
1615 3784 1802 3873 Moclenle
1818 3792 1980 3888 dicitur,
1995 3818 2096 3878 mot-

722 3943 911 4032 ruossanno
930 3945 1179 4003 nceccxxxrx.
1198 3945 1305 4002 aerae
1324 3918 1510 4030 vulgaris,
1530 3913 1591 4001 scd
1608 3943 1629 4000 a
1647 3921 1822 4004 baurabo
1841 3924 2008 4032 primunt
2022 3948 2090 4006 -an-

716 4073 774 4126 no
792 4077 931 4132 mxexrr.
950 4051 996 4130 ad
1015 4046 1279 4156 perfectionem
1299 4047 1453 4131 ductum
1472 4045 1597 4142 fuiets
1609 4058 1672 4152 t):
1698 4075 1814 4160 atquc
1831 4053 1908 4133 iam
1921 4078 2091 4144 scarras.

721 4173 889 4257 adhibita
919 4171 1018 4260 fuille
1037 4175 1135 4286 figna
1164 4169 1328 4262 recentia
1350 4174 1583 4258 manifestum
1613 4175 1712 4260 elle
1741 4179 1852 4259 titulo
1876 4171 2092 4289 sepulcrali,

724 4295 872 4388 Culicis
890 4308 1017 4390 litteris
1046 4307 1181 4390 eodem
1209 4333 1306 4390 anno
1327 4311 1367 4389 in
1396 4331 1611 4390 rnattnorea
1627 4307 1758 4390 tabula
1775 4332 1928 4390 exarato
1945 4372 1959 4411 ‚
1975 4335 2093 4422 quent

724 4436 870 4522 Puteoli
892 4442 930 4520 in
950 4465 1100 4524 murum
1118 4439 1256 4525 domus
1276 4429 1468 4522 cuiusdam
1486 4443 1726 4550 compactum
1745 4425 1881 4550 inspexi
1894 4444 2002 4542 (aa).
2021 4439 2094 4525 Aa

2012 4593 2092 4656 tam

671 4767 673 4774 .
717 4715 969 4804 inveniuntur,
991 4739 1102 4816 quant
1126 4715 1387 4804 consonantes,
1414 4733 1432 4792 t
1459 4734 1536 4816 quo
1557 4705 1709 4814 plurimi
1735 4711 1920 4788 immerito
1945 4701 2090 4783 efficere

716 4817 910 4890 volucrunt
924 4868 934 4902 ,
948 4821 1077 4909 putas
1090 4818 1302 4890 recentioris
1318 4816 1378 4889 elie
1393 4818 1549 4904 aetatis,
1590 4838 1674 4889 uam
1693 4813 1931 4888 consonantes
1949 4859 1960 4884 .
1974 4811 2089 4895 Eheu,

719 4935 897 5008 quantum
920 4917 1090 4990 aluciuati
1107 4913 1192 4988 lunt
1214 4914 1347 4988 eruditi
1370 4916 1548 4989 inctitica
1563 4841 1690 4987 iacta!

770 5015 849 5110 (60)
863 5011 1119 5090 Vidnummos
1134 5013 1425 5109 museiBorgiani
1439 5020 1708 5088 rrr.tn1.&ttes
1723 5002 2092 5117 ultimosllispaniac.

767 5114 847 5204 (61)
874 5107 1075 5202 Consules,
1103 5133 1146 5185 nc
1171 5114 1297 5185 omnia
1324 5114 1455 5184 iterum
1480 5132 1639 5206 repetam
1661 5162 1673 5195 ,
1698 5107 1978 5179 dillertationtm
2011 5105 2087 5189 du
2176 5131 2182 5138 ·

721 5209 916 5283 codicibus
930 5212 1065 5286 Culicis
1090 5209 1364 5295 Hafnienfibus,
1392 5212 1546 5282 nltonae
1567 5209 1655 5281 edit.
1680 5208 1788 5298 1780.

726 5323 729 5332 '
770 5307 850 5405 (ἀι)
877 5313 965 5381 Bene
980 5331 1061 5381 curn
1077 5331 1160 5380 curn
1181 5309 1297 5380 tribus
1315 5309 1394 5381 aliis
1407 5306 1598 5379 delineavit
1610 5305 1733 5376 Abbas
1748 5302 2090 5397 PompeiusSatnel·

722 5407 795 5478 lius
813 5408 846 5479 in
864 5409 958 5480 libro
973 5411 1072 5480 Gutta
1085 5405 1286 5497 dt'fhreflr'ert'
1310 5425 1364 5502 per
1375 5399 1564 5501 Pozzuoli,
1582 5405 1776 5476 oetentiae
1796 5405 1850 5474 dee
1863 5419 2017 5502 etreagers
2033 5422 2091 5500 pat

723 5505 878 5598 vulpot,
910 5507 1030 5590 italice
1057 5513 1090 5578 δι
1105 5505 1237 5604 gallice
1260 5504 1346 5582 edit.
1358 5505 1516 5601 Neapoli
1533 5509 1638 5598 1697.
1652 5505 1688 5580 8.
1700 5522 1784 5597 pag.
1803 5507 1863 5595 ⁶4·
