5225 7084
1196 837 1543 1110 eone

687 1171 862 1302 Μυῖα
872 1119 1118 1294 pertruantur
1134 1187 1259 1296 (47).
1278 1161 1335 1270 At
1353 1209 1446 1268 vero
1464 1177 2074 1281 Muhanedanl,ve1'rrreaeiui
2110 1183 2116 1193 ’

687 1306 831 1400 attium
844 1319 1045 1412 omnium,
1064 1341 1164 1428 quae
1190 1341 1212 1399 e
1229 1321 1372 1427 piduta
1388 1316 1559 1398 orientur
1575 1369 1589 1411 ,
1615 1311 1691 1396 boc
1708 1338 1879 1426 tempore
1903 1320 2071 1430 impetiti

686 1469 791 1540 etant
808 1502 822 1542 ,
840 1471 913 1530 nec
930 1443 1089 1560 figuram
1106 1443 1268 1532 formate
1282 1508 1293 1546 ,
1307 1441 1450 1533 nedum
1470 1445 1647 1555 principis
1666 1437 1831 1558 effigiem
1850 1446 1891 1529 in
1901 1450 2070 1560 pecunia

687 1574 843 1660 reddere
860 1577 1140 1693 intelligebant.
1161 1577 1300 1664 Alieno
1318 1582 1446 1693 itaque
1460 1575 1605 1661 auxillo
1619 1601 1714 1688 opus
1731 1596 1833 1662 etat:
1851 1576 2073 1691 &opifices

651 1771 653 1778 a
689 1731 730 1792 ut
749 1705 943 1792 uoluntati
954 1711 1130 1819 principis
1152 1710 1283 1822 aliquo
1307 1711 1427 1792 modo
1443 1702 1715 1804 britfacerent,
1742 1704 1877 1821 figurat
1894 1701 1942 1794 cu
1955 1712 2073 1794 Grae·

685 1843 872 1922 corum&
891 1837 1113 1926 Latinorum
1129 1844 1243 1954 typis,
1258 1865 1369 1952 prout
1381 1841 1454 1924 illis
1471 1836 1892 1937 fotteebvenlebaut‚in
1905 1837 2072 1928 nummis

687 1961 908 2067 destribete,
925 1977 962 2055 δι
980 1975 1078 2084 regit
1098 1997 1237 2055 nornen
1255 1970 1406 2054 arabice
1422 1971 1494 2054 rllit
1516 1966 1653 2052 addere
1676 1966 1935 2083 incipiebant.
1964 1976 2069 2053 Hine

688 2099 811 2182 oritur
824 2098 889 2183 ille
899 2093 1080 2198 diffensus,
1094 2102 1155 2184 illa
1173 2101 1332 2186 ridicula
1347 2099 1611 2195 contradictio,
1621 2105 1737 2214 quam
1750 2099 2070 2215 interfigrttam&
2109 2205 2113 2210 ι

687 2229 819 2313 titulos
839 2235 959 2328 unius,
971 2227 1214 2346 eiusdemque
1227 2235 1375 2316 nummi
1394 2223 1654 2315 observamus.
1685 2229 1858 2316 Celebris
1876 2227 2067 2315 Barthele·

686 2385 755 2473 my
774 2363 972 2448 nonnullos
984 2390 1160 2450 nummos
1172 2391 1194 2446 e
1207 2355 1336 2448 museo
1347 2367 1455 2475 tegio
1472 2365 1510 2445 in
1521 2359 1673 2448 laudato
1694 2357 1824 2445 libello
1836 2362 1983 2448 erudite
2000 2384 2068 2442 ex-

684 2491 861 2600 plicavit,
878 2519 1042 2606 quorum
1065 2521 1160 2581 unus
1179 2521 1318 2580 nomen
1343 2496 1442 2606 regis
1458 2496 1787 2577 'turcomanorum
1807 2485 2080 2579 Hulameddin.

680 2617 917 2739 Tirmtnasc,
943 2631 981 2708 δι
998 2625 1047 2709 ab
1064 2626 1135 2708 alia
1155 2651 1258 2734 parte
1281 2619 1447 2736 effigiem
1467 2620 1652 2706 Antiochi
1674 2627 1775 2723 Vll,
1787 2627 1902 2738 Regis
1920 2620 2066 2738 Syriae,

683 2750 872 2839 exhibett
899 2754 995 2837 alius
1018 2759 1292 2866 Imperatorem
1323 2757 1540 2838 Romanum
1575 2755 1818 2867 Diogenem,
1845 2779 1959 2837 manu
1989 2753 2070 2867 glo·

685 2879 781 2964 bum
805 2908 1030 2980 tenentem,
1056 2874 1135 2969 &a
1159 2884 1269 2967 beata
1286 2889 1411 2970 Maria
1428 2907 1677 2982 coronatum,
1701 2892 1764 2966 eui
1796 2905 1939 2966 nornen
1967 2885 2067 2996 regit

684 3013 918 3096 Turcomani
936 3061 947 3098 2
966 3014 1261 3127 Nogem-edelin
1280 3013 1388 3113 Albi,
1399 3011 1564 3106 additutr
1588 3020 1714 3097 itnrno
1731 3033 1829 3096 nnus
1842 3038 1994 3098 ornatus
2012 3013 2069 3100 est

683 3139 733 3226 ab
753 3167 827 3224 una
857 3168 962 3254 parte
991 3137 1196 3228 landill‘rmi
1221 3147 1430 3231 Servatoris
1447 3141 1557 3227 nostri
1579 3139 1730 3256 effigie,
1750 3142 1886 3263 nimbo
1905 3149 2067 3229 circum·

683 3272 806 3372 dato,
840 3270 1040 3384 profanato
1062 3275 1110 3359 ab
1126 3277 1240 3361 altera
1264 3279 1420 3360 nomine
1437 3277 1535 3386 regis
1552 3272 1742 3359 cuiusdam
1763 3272 2067 3376 Ottocidatum,

531 3411 537 3416 ’
678 3405 782 3485 Cara
798 3402 961 3488 Atalan'.
990 3409 1032 3488 ln
1055 3407 1242 3514 posterum
1261 3402 1423 3488 artifices
1448 3404 1642 3515 peritiores
1657 3397 1778 3486 cffcdli
1802 3427 1928 3489 veram
1945 3409 2062 3490 etiam

585 3639 590 3645 ι
679 3535 777 3650 tegis
793 3559 926 3618 eorum
945 3529 1111 3650 effigiem
1131 3592 1144 3634 ,
1167 3537 1307 3624 veltet
1335 3541 1414 3620 eius
1442 3534 1563 3649 gellen
1587 3539 1626 3618 in
1644 3539 1804 3644 pecunia
1833 3529 1986 3646 pirrilst
2006 3543 2064 3623 vi·

1965 3668 2061 3752 den-

728 3815 809 3909 (4²7)
834 3817 964 3890 Sciirae
985 3818 1022 3892 in
1044 3816 1420 3905 Perfia1,1&8unnitae
1444 3816 1487 3888 in·
1501 3815 1603 3890 India
1617 3813 1762 3890 tabulas‘
1787 3817 1924 3912 pidas,
1946 3819 2062 3896 telle:

679 3912 909 4003 Niebubno,
937 3916 1077 4012 publice
1103 3938 1249 3994 tenent.
1272 3916 1372 3992 ldem
1387 3916 1485 3990 cairi
1510 3913 1807 4012 apud-eruditum
1821 3917 2062 3993 Muhanteda.

677 4035 763 4085 num
779 4015 923 4090 tabulas
940 4039 1020 4090 aete
1046 4016 1195 4104 incisas,
1219 4025 1252 4090 δε
1266 4015 1422 4089 statuant
1436 4014 1549 4090 vidit·
1570 4015 1762 4111 (Niebuhr
1783 4011 2003 4112 description
2015 4019 2060 4094 dc

677 4112 834 4185 l“Arabie
850 4127 930 4211 pag.
948 4115 1030 4210 23.)
1054 4115 1192 4208 Eodem
1217 4115 1334 4188 modo
1361 4115 1429 4187 hoc
1457 4137 1692 4210 praeceptum
1717 4114 1824 4187 hodie
1849 4117 2064 4216 negligitur,

677 4229 717 4282 ut
746 4211 865 4302 illud,
895 4238 977 4312 quo*
999 4215 1363 4312 vinum'probibetur
1392 4267 1400 4286 .
1437 4223 1556 4289 hnmo
1578 4215 1613 4287 in
1639 4215 1795 4309 magicis
1818 4215 2063 4293 instrumentis

680 4311 865 4408 religionis
886 4312 1002 4388 caulla
1016 4315 1234 4390 adhibentur
1261 4313 1598 4415 ligunaehominum
1613 4367 1627 4401 ,
1643 4314 1856 4389 aninmliutn-
1876 4335 1946 4390 eet.
1960 4316 2064 4414 qnod

680 4431 697 4482 e
720 4408 861 4485 duabus
876 4413 1012 4508 pateris
1028 4415 1189 4514 antiquis
1204 4437 1330 4512 patet,
1358 4416 1395 4488 in
1408 4413 1530 4490 museo
1545 4415 1728 4531 Borgiarm
1739 4414 1955 4490 adservatis.
1977 4421 2062 4492 Una

678 4508 797 4581 tninor
812 4517 846 4582 δι
861 4514 1039 4586 recentior
1092 4507 1236 4600 roficit,
1261 4537 1301 4596 ut
1325 4513 1542 4590 extrinsecus
1567 4511 1739 4606 lerrprum
1761 4515 1913 4610 legitur,
1928 4537 2062 4589 contra

679 4606 840 4682 morsum
854 4607 1038 4706 serpentis,
1053 4537 1266 4710 lgorpionis,
1278 4615 1394 4702 canis,
1406 4635 1553 4709 partum
1565 4607 1762 4699 difficilem,
1779 4617 1940 4688 colicunr·
1952 4616 2062 4687 dolo·

681 4718 852 4793 remeet,
865 4711 889 4782 st
901 4709 1075 4784 laborans
1088 4733 1187 4786 exea
1200 4735 1335 4809 aquam
1352 4718 1407 4786 vel
1418 4718 1497 4787 aloe
1512 4710 1724 4786 ealefadiurn
1738 4709 1864 4787 bibat:
1889 4715 2062 4788 &intrin-

679 4801 777 4878 secus
796 4830 939 4902 praeter
963 4807 1140 4886 formulas
1165 4815 1327 4906 magicas
1347 4813 1675 4908 &imprecationes
1701 4812 1837 4910 figurae
1861 4811 2062 4908 serpentis,

677 4901 879 5002 scorpionis
895 4915 929 4981 &
941 4909 1150 5006 embryonis
1174 4909 1511 4987 animadvertuntur
1524 4964 1533 4981 .
1554 4915 1677 4984 Altera
1692 4913 1810 4985 maior
1825 4919 1857 4981 δι
1872 4915 2059 5010 antiquior

678 5026 809 5078 eontra
831 5007 973 5084 eoldent
989 5013 1140 5084 morbos
1163 5009 1380 5085 medicinam
1407 5009 1547 5084 adferre
1567 5011 1725 5095 dicitur,
1749 5008 1959 5108 easdemque
1982 5010 2058 5085 fere

679 5101 815 5197 figuras
838 5109 1004 5194 exhibet,
1033 5110 1167 5206 quibus
1184 5112 1220 5182 in
1244 5132 1374 5184 centro
1398 5110 1593 5184 delineatio
1620 5109 1746 5203 templi
1762 5112 1946 5196 Meecani,
1969 5112 2059 5184 Nie-

676 5199 874 5286 buhrianae
890 5207 1137 5302 (description
1159 5207 1202 5280 de
1216 5210 1371 5284 l'Atabie
1396 5210 1483 5282 rab.
1495 5209 1594 5304 xxt.)
1608 5210 1645 5280 ln
1658 5210 1829 5282 omnibus
1855 5210 2060 5284 fimitisad-

683 5299 808 5386 ditur,
838 5325 855 5373 e
881 5327 953 5400 qua
978 5325 1057 5386 tum
1082 5307 1305 5401 praestantia·
1324 5309 1435 5382 huius·
1458 5307 1709 5394 monumenti,
1733 5329 1814 5383 tum
1838 5309 2057 5403 diligentias
2128 5389 2132 5394 ,

676 5403 743 5574 pel.
760 5400 950 5479 Niebuhtii
971 5404 1008 5476 in
1036 5407 1306 5508 erraminandis,
1328 5417 1361 5480 δι
1385 5407 1635 5506 intelligendis
1661 5409 1767 5504 rebus
1785 5410 1949 5505 Arabum
1963 5419 2058 5484 cou-

704 5521 868 5576 rmatut.
1834 5531 1838 5539 ·
