5225 7084
1092 1000 1374 1143 bioth}

547 1213 621 1300 illis
646 1215 947 1328 expeditionibus
976 1206 1120 1328 semper
1149 1219 1271 1300 maior
1299 1239 1409 1314 etat,
1432 1214 1495 1301 vel
1518 1219 1611 1330 quia
1629 1216 1761 1301 Franci
1784 1214 1930 1332 aliquo]

546 1371 718 1458 tempore
738 1348 977 1434 Palaestinam
998 1343 1112 1460 ipsam
1133 1353 1345 1432 retinuere.
1368 1348 1499 1430 ‘Unde
1521 1345 1617 1432 lbrte
1634 1354 1790 1447 euenit,
1808 1342 1915 1460 quod

546 1479 587 1559 in
606 1477 719 1560 indiis
748 1505 903 1592 quoque
928 1479 1174 1564 orientalibus
1195 1483 1421 1563 Francorum
1439 1482 1596 1559 nomine
1625 1482 1738 1576 itali,
1760 1473 1913 1590 Angli.

545 1599 722 1716 Hispani,
742 1605 931 1706 Luhtaoi,
954 1611 1095 1724 aliique
1113 1612 1299 1720 Europaei
1318 1603 1586 1718 dcsrgncnrur.
1958 1619 1960 1622 ’

680 1741 842 1824 Nomius
868 1738 1021 1824 additur
1037 1737 1196 1822 formula
1221 1763 1290 1850 prr
1306 1737 1633 1846 providentiam,
1661 1732 1713 1824 ὰ
1735 1736 1916 1850 gratiam

547 1869 655 1952 Dei.
700 1871 759 1952 En
788 1870 897 1955 huius
924 1867 1137 1969 sormulac,
1167 1871 1318 1981 tegibus
1335 1868 1644 1965 celeberrimae,
1681 1872 1721 1948 ia
1749 1891 1912 1952 nummo

542 1990 712 2081 Arabico
730 2005 894 2109 primurn
910 2059 923 2098 ,
942 2005 981 2084 ni
1006 1999 1137 2099 fallor,
1151 1999 1396 2110 exemplum.
1421 1997 1466 2102 A,
1478 2023 1652 2108 tempore
1670 1998 1805 2082 Caroli
1824 1993 1913 2077 Vll.

542 2125 596 2209 ud
609 2129 713 2215 hunc
729 2125 846 2241 usquc
861 2132 965 2214 diem
986 2128 1132 2243 fignum
1150 2124 1340 2212 absolutae
1356 2131 1573 2238 potestatis,
1599 2133 1636 2209 in
1654 2129 1780 2210 Gallia
1807 2149 1917 2236 prae·

544 2244 669 2340 sertim
704 2258 859 2342 habetur
890 2317 904 2362 ,
940 2259 1046 2373 quod
1096 2259 1355 2344 monarchiam
1387 2316 1401 2356 ,
1433 2263 1699 2369 integramque
1752 2256 1920 2342 includat

541 2389 843 2476 aulloritarcmr
892 2417 1009 2504 qoam
1040 2391 1091 2476 ob
1124 2419 1203 2476 rem
1236 2391 1400 2474 Carolus
1445 2413 1545 2472 anno
1589 2390 1920 2495 144a.n01o1·t,

543 2541 584 2602 ut
622 2545 750 2602 comes
787 2522 836 2604 de
873 2517 1089 2634 Atmagnac
1123 2522 1259 2604 codena
1302 2547 1466 2605 uteretur
1500 2581 1511 2602 .
1561 2521 1636 2603 Sed
1674 2546 1748 2614 non
1791 2519 1922 2626 apri·

402 2661 406 2670 '
518 2675 605 2731 *ma
634 2653 713 2732 eius
749 2653 976 2766 institutione
1012 2651 1113 2735 idem
1152 2645 1397 2766 fignificalse,
1425 2659 1524 2734 reule
1552 2649 1816 2736 animadvertit
1844 2647 1916 2731 cel.

543 2779 715 2894 Bonamy
735 2839 746 2875 ,
770 2785 836 2892 qui
875 2781 974 2864 illius
1002 2784 1184 2892 epocham
1220 2781 1267 2863 ad
1299 2807 1458 2896 regnunt
1491 2785 1621 2892 Pipini
1650 2782 1805 2891 retulit,
1836 2796 1916 2889 quo

540 2929 712 3020 tempore
730 2937 804 2992 non
827 2909 947 2991 modo
974 2937 996 2992 a
1015 2916 1268 3022 principibus,
1291 2905 1370 3002 ‚sed
1388 2937 1409 2991 a
1440 2914 1647 2997 comitibus
1666 2968 1679 3006 ,
1709 2901 1917 3021 episcopis,

542 3035 737 3123 abbatibus
765 3069 812 3122 ex
831 3030 927 3120 sensu
948 3045 1198 3126 venerationis
1210 3041 1369 3124 divinae
1389 3099 1401 3138 ,
1435 3049 1473 3128 dc
1495 3044 1687 3152 religionis
1711 3037 1917 3123 adhibeba-

542 3193 603 3254 tur
621 3177 638 3272 (
649 3199 661 3251 r
675 3174 773 3268 oo).
805 3174 883 3252 lam
908 3173 1060 3257 ulterius
1084 3171 1347 3283 progredimur
1365 3230 1378 3268 ‚
1395 3193 1557 3284 eamque
1574 3170 1775 3252 formulam
1796 3173 1918 3290 εξο-

541 3297 608 3382 leti
639 3298 818 3410 regibus,
846 3299 904 3382 vel
933 3299 986 3382 ob
1005 3307 1282 3385 venerationem
1307 3305 1381 3384 Dei
1401 3303 1506 3399 ,uel
1531 3295 1625 3381 forte
1640 3301 1917 3382 dominationis

540 3423 658 3514 caussa
676 3428 882 3512 adhibitam
903 3423 991 3524 else,
1013 3459 1035 3514 e
1053 3459 1213 3517 nummo
1230 3435 1421 3545 Assorgiano
1439 3432 1727 3515 concludimus.
1750 3427 1914 3513 Eodem·

541 3587 617 3672 quc
644 3557 723 3642 fer'e
745 3585 915 3670 tempore
941 3587 962 3640 a
985 3563 1185 3645 Willelmo
1204 3567 1252 3648 11.
1272 3619 1284 3658 ,
1312 3563 1463 3645 Siciliae
1492 3588 1612 3673 rege,
1639 3559 1916 3657 adhibebatur,

541 3695 648 3774 cuins
667 3717 866 3772 nummum
887 3705 977 3780 cunt
995 3691 1069 3776 hoc
1088 3690 1199 3775 titulo
1227 3696 1281 3774 W
1307 3693 1403 3776 DEI
1434 3691 1546 3778 Gna
1570 3693 1675 3774 REX
1705 3693 1915 3804 avergam

542 3821 777 3933 publicatum
798 3819 1006 3907 habentus.
1317 3802 1327 3818 “

591 4027 595 4032 ,
675 3953 736 4032 De
769 3981 863 4033 atra
890 3949 1085 4064 Safarenſs
1099 4009 1111 4049 ,
1141 3955 1179 4036 in
1207 3955 1264 4040 his
1289 3982 1379 4039 num
1391 3955 1463 4034 mis
1489 3950 1634 4048 obvia,
1665 3957 1703 4030 dc
1728 3945 1916 4034 Arabibus

541 4072 715 4190 Hispanis
743 4109 826 4166 runt
845 4087 881 4164 in
903 4085 1032 4180 libris,
1063 4111 1145 4166 runt
1164 4089 1201 4168 in
1230 4085 1371 4169 tabulis
1394 4083 1555 4194 publicis
1578 4084 1920 4168 astronomicist&

536 4214 797 4324 geographicis
825 4207 1144 4324 frequentissima,
1180 4211 1377 4328 scriptores
1415 4216 1539 4298 Latini
1563 4207 1708 4326 prorsus
1725 4209 1860 4310 nient,
1892 4208 1919 4294 si

538 4365 679 4452 paucos
708 4348 904 4453 excipias,
939 4349 1005 4456 qui
1037 4347 1144 4427 illam
1178 4344 1437 4430 confidentius
1474 4368 1600 4426 aetam
1632 4342 1916 4440 Christianam,

536 4473 596 4554 nel
624 4497 747 4554 aetam
774 4501 979 4583 martyrum
999 4475 1126 4558 dixere
1144 4534 1168 4580 .,
1188 4477 1262 4560 Sed
1280 4500 1405 4558 aeram
1428 4467 1654 4558 Safatensem
1682 4497 1756 4554 nnn
1772 4473 1914 4572 aliam,

496 4627 502 4632 ·
536 4627 650 4711 quam
666 4603 882 4711 Hispanam
900 4593 981 4700 elle,
993 4633 1093 4717 patet
1112 4633 1192 4690 rum
1207 4636 1254 4690 ex
1273 4607 1448 4720 analogia
1461 4607 1566 4688 vocis
1580 4603 1789 4688 nebraicae
1811 4627 1912 4688 nuno

535 4730 703 4840 Safard,
721 4759 817 4844 quae
836 4723 1051 4843 Hispaniam
1074 4733 1246 4848 fignificat
1265 4793 1277 4834 ,
1294 4763 1379 4833 tunt
1400 4763 1423 4816 e
1442 4762 1571 4819 mutua
1599 4728 1792 4845 utriusque
1810 4759 1918 4818 aerae
1947 4762 1954 4786 ¹
2106 4819 2109 4822 ,

535 4866 738 4945 collatione
758 4870 797 4946 in
825 4859 1128 4971 inscriptionibus
1158 4871 1334 4952 codicum
1354 4863 1603 4952 Arabicorunt
1630 4858 1913 4972 Hispanorum,

536 4988 1084 5081 ubiSafatenfisChrillianam
1105 4981 1749 5096 xxxv111.ann0sexceuit(107>.
1865 5007 1869 5013 ’
1952 5017 1964 5061 l
2078 5050 2080 5054 -

1312 5132 1361 5212 Μ’
1394 5159 1414 5210 2
1821 5124 1847 5205 S
1893 5173 1913 5192 -

583 5241 600 5318 s
605 5239 688 5332 roo)
717 5247 870 5315 Memoire
889 5245 946 5338 sut
971 5245 993 5318 l'
1007 5251 1127 5342 origine
1148 5237 1234 5322 &sa
1253 5244 1458 5346 fignificatisn
1472 5249 1509 5317 dt
1522 5247 1553 5318 la
1566 5246 1702 5337 farmuh
1712 5263 1772 5341 por
1785 5151 1914 5340 agisa

537 5341 664 5412 aenaea
671 5347 1089 5442 paerAEonatupdausles
1104 5370 1199 5422 mem.
1210 5351 1360 5422 del'acad.
1371 5351 1426 5419 des
1437 5349 1573 5443 inscript.
1587 5369 1771 5419 tornatur.
1783 5351 1913 5436 paro.

582 5443 688 5536 (roy)
714 5445 755 5516 E.
768 5463 798 5516 c.
816 5445 945 5518 Codex
971 5469 1141 5522 ucccaxv.
1174 5445 1418 5520 Escurialtusrs
1452 5467 1622 5520 exaratus
1659 5443 1704 5516 cli
1730 5447 1763 5511 in
1801 5441 1912 5614 aaliz}

1857 5567 1876 5614 a
