5225 7084
1057 1025 1340 1166 ‹blatis-
1400 1031 1408 1042 ’

508 1238 700 1330 Arablbus
716 1239 881 1352 antiquis
902 1241 1075 1352 cognitas
1094 1231 1194 1320 futu
1211 1239 1429 1345 (71),quas
1446 1223 1629 1342 singulas,
1653 1245 1764 1336 prout
1781 1224 1877 1308 ratio

509 1371 605 1458 illud
623 1371 858 1481 postulabat,
886 1373 992 1454 vario
1009 1359 1168 1452 accent'u
1196 1361 1519 1477 pronunciabant.
1551 1361 1695 1444 Revera
1725 1353 1879 1440 hodier-

448 1527 450 1532 ·
508 1525 600 1583 num
619 1503 736 1582 etiarn
757 1469 927 1582 At'abunt
963 1498 1234 1608 alphabetum,
1264 1492 1290 1580 li
1321 1491 1502 1573 omnibus
1524 1483 1635 1599 lignis
1668 1485 1876 1570 diacriticis

507 1629 703 1738 privetur,
732 1657 755 1712 e
775 1633 870 1714 xrtl.
889 1653 1034 1716 tanturn
1058 1624 1187 1741 liguris
1206 1623 1377 1708 constat:

509 1783 1880 1989 mmespdbogsrmwa³t⁹¹
1993 1782 1997 1788 Ι

504 2033 615 2132 Quae
635 2064 725 2121 vero
750 2040 882 2122 harum
909 2045 1147 2152 antiquarum
1173 2025 1380 2120 litterarum
1400 2030 1520 2150 ligura
1548 2035 1588 2116 dc
1610 2034 1707 2115 tatio
1731 2029 1875 2134 fuerit,

507 2163 825 2277 imperscrutabile
845 2169 1034 2251 manebit.
1861 2177 1866 2184 ’

508 2307 514 2317 “
537 2335 548 2352 -·
613 2291 617 2299 ’
646 2289 962 2408 Subsequentibus
981 2293 1211 2408 temporibus
1227 2299 1354 2380 minus
1371 2293 1621 2414 commodum
1634 2286 1706 2375 elst
1723 2291 1809 2376 hoc-
1821 2291 1878 2377 al·-

509 2421 713 2534 'phabetum
731 2427 1089 2519 animadverterunt,
1106 2453 1219 2539 atque
1236 2427 1377 2510 litteras
1393 2429 1498 2509 iusta
1513 2416 1691 2508 diversam
1710 2451 1877 2535 pronun·

506 2555 737 2648 ciationent,
755 2554 905 2640 diuersis
928 2557 1057 2669 figuris
1074 2557 1299 2669 distinguere
1317 2581 1523 2664 ceperunt.
1562 2556 1733 2636 Pritnutn
1759 2548 1879 2641 huius-

506 2682 616 2764 modi
638 2687 908 2769 incrententum
919 2689 1011 2770 huic
1027 2693 1100 2782 iarn
1117 2687 1316 2798 alphabeto
1327 2684 1465 2768 accidit
1479 2681 1604 2794 ‚quod
1616 2678 1755 2763 Cufico
1769 2709 1877 2792 prae·

505 2810 632 2908 cedit,
649 2815 868 2920 &Mosnad
881 2825 1028 2901 w
1046 2814 1094 2900 ab
1107 2815 1293 2899 Arabibus
1310 2821 1665 2926 nominatur,atque
1683 2811 1770 2894 hinc
1783 2817 1873 2897 inci·

505 2942 563 3053 pit
577 2940 689 3022 altera
702 2943 902 3051 periodus,
923 2957 1020 3070 quae
1036 2943 1132 3027 sorte
1148 2948 1314 3054 primurn
1332 2950 1447 3026 etiam
1468 2937 1653 3026 saeculam
1668 2937 1797 3026 Cufici
1823 2941 1879 3026 al·

348 3089 352 3096 ·
502 3065 657 3180 phaberi
670 3122 681 3156 s
694 3076 800 3154 cuins
819 3079 1050 3158 monimenta
1067 3075 1165 3156 nulla
1177 3074 1286 3158 nobis
1302 3064 1497 3184 supersunt,
1510 3069 1808 3182 comprehendit,
1823 3073 1874 3158 de

507 3223 588 3308 quo
606 3224 730 3282 tarnen
754 3201 994 3286 dubitamus.
1028 3204 1169 3287 Arabes
1188 3211 1367 3288 nimirum
1383 3198 1522 3286 litteras
1544 3195 1622 3283 satas
1640 3226 1724 3282 tum
1747 3214 1877 3286 nume

445 3413 448 3422 ,
497 3353 591 3421 to,-
608 3354 691 3413 tum
710 3329 843 3414 ordine
869 3333 917 3416 ad
941 3334 1098 3446 modurn
1124 3332 1312 3446 alphabeti
1334 3329 1592 3416 Hebraeorum
1603 3321 1799 3439 disponere
1814 3337 1873 3416 in«

502 3455 711 3574 ¹cipitrbant:
741 3487 785 3544 ea
805 3485 931 3545 tanten
956 3467 1128 3558 tatione,
1160 3481 1200 3547 'ut
1230 3489 1304 3546 nott
1340 3489 1456 3548 nouas
1480 3457 1681 3570 alphabeto.
1711 3457 1873 3568 figuras,

503 3577 566 3666 sed
584 3576 679 3672 nova
696 3613 841 3674 tantum
871 3590 970 3704 ligna
989 3581 1121 3677 litteris
1149 3589 1371 3708 qmbusdam
1400 3592 1608 3674 adderent.
1644 3592 1699 3672 lta
1724 3583 1877 3675 oseba:

502 3711 567 3800 sur
582 3717 791 3806 litterarum
816 3716 921 3816 seties
942 3725 1151 3808 Hebraicae
1170 3717 1374 3816 conformis
1389 3779 1401 3818 ,
1415 3739 1512 3835 quae
1531 3721 1624 3804 hane
1642 3719 1694 3802 ob
1711 3716 1872 3828 caussam

507 3843 646 3954 Abgad
663 3855 795 3936 Heues
826 3851 1117 3938 nominabatur,
1142 3882 1221 3967 quo
1244 3858 1398 3936 nomine
1422 3853 1516 3939 nihil
1544 3851 1650 3940 aliud
1677 3853 1871 3960 portendi7

505 3985 597 4070 ¹rur,
624 3972 690 4058 nisr
717 3974 776 4061 sex
799 3985 942 4090 priores
976 3983 1160 4091 alphabeti
1192 3984 1340 4066 litterae
1366 3976 1568 4064 secundum
1604 3971 1779 4079 ordinem
1798 3975 1874 4068 l·le³⁴

502 4101 701 4223 braeqrum
727 4102 917 4219 dispofitae
937 4167 948 4190 .
984 4119 1094 4198 Hunc
1114 4114 1286 4216 ordinem
1305 4140 1345 4196 re
1361 4135 1448 4217 vera
1473 4115 1528 4220 iu,
1544 4111 1750 4226 alphabeto
1775 4109 1871 4205 lita·

386 4293 391 4302 .
503 4229 597 4314 burn
616 4233 840 4338 obtinuisse,
867 4241 1238 4328 denominationibus
1255 4247 1371 4354 etiam
1388 4246 1551 4356 antiquis
1572 4237 1776 4341 mendum,
1797 4230 1869 4328 Abi

497 4364 608 4470 gad,
635 4369 966 4466 Hevessrrma
992 4397 1066 4456 cet.
1083 4387 1199 4488 atque
1218 4401 1356 4470 more,
1385 4377 1452 4485 qui
1475 4371 1590 4456 hodie
1615 4360 1737 4470 adhuc
1760 4371 1870 4484 obri}

499 4515 600 4612 ,⁰²5³
630 4493 770 4600 litteras
792 4493 931 4608 seilicet
950 4503 1086 4611 eodem
1103 4505 1234 4589 ordine
1252 4506 1509 4618 pronumeris
1523 4500 1758 4618 adhibendi,
1774 4527 1866 4587 con⁴
1907 4565 1910 4572 -

1283 4636 1312 4762 ξ
1800 4575 1866 4720 fiis
1902 4689 1905 4692 ,

503 4871 507 4878 -
546 4821 628 4915 (71)
653 4822 717 4899 Ne
735 4828 817 4924 quis
842 4848 972 4922 putet,
998 4853 1054 4906 nte
1069 4835 1153 4908 mihi
1169 4829 1238 4928 ipse
1262 4832 1541 4918 contradicere,
1565 4828 1745 4918 observo,
1771 4828 1863 4906 hane

497 4919 739 5030 fonieoiuratn
753 4929 837 4999 nihil
852 4926 968 5002 faeere
981 4930 1027 5002 ad
1041 4932 1327 5014 confirmandam
1343 4931 1551 5005 sententiam
1567 4930 1610 5001 de
1623 4956 1691 5005 xrs.
1705 4930 1760 5000 vel
1773 4938 1856 5013 ryrl.

497 5035 534 5091 11¹
559 5020 710 5116 antiquo
734 5026 982 5100 Hebraeorum
1017 5031 1210 5125 alphabeto
1230 5031 1386 5104 litteris.
1410 5034 1554 5102 Contra
1581 5028 1756 5099 Hebraeis
1782 5034 1862 5104 ml.

499 5115 700 5212 antiquitus
716 5119 809 5196 fulde
824 5147 925 5198 exeo
941 5147 1066 5221 patet,
1093 5127 1193 5225 quod
1208 5128 1329 5223 postea
1345 5127 1485 5210 Arabes
1508 5126 1616 5198 etiarn
1629 5124 1863 5218 alphabetum

507 5209 608 5285 suurn
630 5218 678 5292 ad
691 5224 861 5296 Hebraiei
877 5247 1045 5298 normam
1069 5226 1405 5323 augmentaverint.
1423 5228 1549 5322 Neque
1576 5223 1807 5318 pertinaciter
1830 5225 1866 5319 itt

498 5311 740 5392 consessuram
768 5342 886 5396 meam
906 5323 1045 5410 inststo,
1068 5349 1177 5422 quarn
1195 5326 1403 5400 tentaminis
1429 5327 1516 5398 loeo
1539 5343 1682 5398 tantum
1704 5322 1866 5419 protulia
1921 5335 1930 5352 ·

497 5427 607 5505 grato
622 5415 746 5492 animo
759 5419 962 5520 accipiam,
986 5417 1078 5524 quae'
1094 5423 1155 5498 alii
1168 5423 1463 5504 melioradibluri
1484 5423 1590 5497 sunt.
