5225 7084
946 1071 949 1077 ι
1085 1009 1401 1151 astarte·

553 1217 729 1304 a'l'ur‘cis
747 1243 993 1331 acceperunt,
1013 1219 1104 1306 licet
1124 1219 1334 1304 haereticos
1358 1191 1587 1329 potilllmunt
1607 1207 1829 1331 sequantur.
1853 1213 1933 1300 Di·

558 1349 736 1436 viduatur
757 1355 796 1434 in
819 1351 909 1436 duas
925 1345 1067 1435 classes.
1099 1355 1217 1450 lina,
1239 1377 1337 1464 quae
1358 1348 1625 1456 imperitorum
1649 1348 1819 1443 dicitur,
1849 1345 1929 1430 nul-

551 1477 633 1562 lam
653 1481 780 1593 legum
800 1485 1091 1594 cognitionem,
1127 1481 1226 1564 nulla
1256 1487 1354 1567 vitae
1378 1481 1546 1592 agendae
1568 1504 1766 1589 praecepta
1789 1475 1926 1562 habere

554 1609 734 1696 viderur.
764 1610 895 1718 Altera
920 1618 1130 1704 ordinem,
1161 1614 1222 1699 vel
1241 1607 1473 1696 sodalitatem
1499 1609 1750 1692 initiatorum
1776 1606 1922 1707 efficit,

557 1736 641 1850 lege
663 1747 819 1826 maximi
853 1741 986 1829 filentii
1020 1749 1289 1841 confundam,
1320 1738 1570 1857 gradibusque
1589 1741 1830 1840 distinctam.
1861 1735 1926 1820 Ab

555 1871 654 1970 illis,
673 1877 737 1985 qui
759 1869 868 1988 srgnis
895 1871 1115 1990 quibusdam
1141 1881 1235 1958 inter
1263 1865 1298 1957 se
1318 1868 1607 1988 dignoscuntur,
1639 1874 1783 1984 quique
1802 1872 1927 1954 nerni-

555 2026 645 2085 nem
666 2007 831 2088 alienum
848 2003 973 2092 adsua
991 2011 1162 2120 mysteria
1181 2009 1416 2098 admittunt,
1436 2013 1567 2090 arcana
1581 2051 1596 2100 ,-
1609 1995 1782 2115 legesque
1801 2001 1924 2087 custo-

553 2130 708 2220 diuntur
728 2194 740 2230 ‚
763 2144 1071 2252 congregationes
1089 2138 1343 2232 celebrantur,
1359 2161 1471 2249 atque
1498 2133 1614 2248 figura
1634 2136 1772 2232 viruli,
1803 2157 1920 2245 quam

552 2266 715 2346 Hakemi
734 2267 783 2348 ab
800 2271 846 2349 iis
863 2269 1014 2356 ¹colendi
1036 2263 1247 2380 symbolum
1263 2260 1333 2352 else
1346 2267 1480 2351 dicunt
1496 2327 1508 2364 ,
1526 2268 1727 2377 diligenter
1738 2257 1922 2350 seruatur.

690 2401 795 2478 llaec
814 2399 865 2484 est
883 2401 943 2482 illa
963 2395 1113 2510 figura,
1143 2405 1250 2484 cuius
1267 2399 1484 2510 exemplum
1515 2401 1554 2480 in
1576 2389 1745 2480 museum
1762 2395 1922 2505 Bargia-

554 2549 645 2606 num
668 2523 826 2612 feliciter
844 2534 1036 2642 pervenit,
1053 2529 1160 2643 quod
1178 2527 1553 2613 exhibtrTab·1.&
1572 2534 1680 2614 cuius
1708 2522 1920 2636 explicandi
2051 2547 2061 2560 ‘

552 2648 668 2739 caussa
685 2658 775 2742 haec
794 2667 923 2747 omnia
939 2655 1133 2772 praemifi.
1152 2661 1228 2744 Sed
1247 2687 1309 2742 me
1321 2660 1477 2773 quidem
1494 2655 1620 2742 frustra
1636 2658 1919 2741 illustrationem

555 2790 635 2870 eius
652 2782 821 2880 tentasse,
850 2792 965 2877 libere
986 2789 1161 2904 profiteor
1177 2825 1193 2872 .·
1211 2792 1369 2876 Praestat
1388 2794 1490 2873 enim
1513 2792 1605 2874 milti
1629 2783 1809 2874 inscitiam
1828 2781 1920 2868 fate·

549 2920 580 3000 ri
597 2925 614 3024 (
625 2945 714 3002 cum
732 2947 876 3007 tantum
898 2920 939 3008 lit
959 2973 969 3012 2
997 2924 1102 3038 quod
1122 2915 1332 3024 nescimus)
1351 2949 1467 3035 quam
1495 2945 1711 3034 arroganter
1732 2920 1781 3004 de
1803 2923 1916 3030 igno·

548 3050 596 3132 tis
614 3049 723 3134 rebus
743 3055 899 3152 iudicis,
926 3056 1132 3168 arbitrique
1151 3045 1343 3166 personam
1367 3079 1520 3166 gerere,
1537 3078 1581 3135 ac
1599 3080 1666 3166 pto
1688 3051 1919 3166 explanatio·
2022 3151 2032 3168 s

548 3179 659 3264 nibus
675 3184 877 3270 cerebtolas
899 3180 1038 3295 prorsus
1057 3209 1267 3296 proponere
1294 3186 1351 3268 vel
1369 3188 1715 3292 interpretationes,
1734 3182 1795 3264 vel
1822 3205 1917 3263 con·

546 3315 724 3395 lecturas.
745 3319 898 3400 lnrerim
920 3310 1190 3402 observationes
1209 3305 1560 3428 quasdam,quasin
1574 3314 1648 3396 hoc
1668 3310 1919 3406 stmulacrum,

542 3447 583 3524 dr
614 3437 822 3552 praesertim
852 3454 889 3532 in
914 3450 1097 3544 titulum,
1127 3472 1206 3560 quo
1236 3470 1459 3530 exornatum
1478 3445 1560 3543 est,
1590 3445 1776 3530 instituere
1804 3468 1915 3525 com·
2033 3426 2042 3435 ¹

547 3573 662 3657 mode
690 3584 798 3685 potui
820 3576 996 3674 ,referre
1017 3607 1094 3662 non
1111 3575 1328 3674 dubitabo,
1354 3601 1394 3660 ut
1410 3578 1502 3662 alios
1520 3572 1754 3694 sagaciores,
1782 3574 1914 3662 inlitu-

547 3698 751 3818 dtioresque
770 3709 924 3793 reddam
941 3709 988 3792 ad
1009 3709 1100 3791 illud
1119 3707 1408 3817 explicandum.
1471 3727 1478 3738 ·

679 3837 929 3924 Simulacrum
951 3833 1157 3922 Drusorum
1177 3895 1191 3934 ,
1226 3831 1385 3948 utsupra
1413 3831 1583 3924 aDtufis
1609 3839 1813 3926 didicimus
1830 3898 1844 3938 ,
1861 3868 1910 3924 ex

546 3987 639 4049 auto
659 3969 717 4064 uel
736 3993 894 4078 argento
924 3975 1126 4052 conllatum
1148 3961 1215 4050 else
1233 3993 1411 4076 oportet:
1441 3971 1603 4054 nostrum
1625 3997 1715 4052 vero
1743 3998 1792 4051 ex
1807 3975 1907 4053 autl-

547 4095 678 4182 chalco
695 4099 775 4184 ess.
809 4100 884 4192 Sed
906 4127 1032 4187 tamen
1049 4100 1121 4182 hoc
1140 4092 1214 4180 falfi
1244 4092 1484 4208 suspicionem
1515 4101 1615 4186 haud
1646 4099 1822 4186 inducere
1838 4101 1907 4184 de·
2059 4123 2064 4128 ’

543 4225 637 4328 bet,
669 4257 757 4316 cum
778 4231 870 4318 illud
890 4260 912 4316 a
930 4237 1012 4320 trito
1030 4257 1153 4314 tetum
1182 4232 1422 4314 orientalium
1454 4227 1672 4340 petitilsrmo
1688 4291 1701 4329 ,
1720 4259 1833 4345 atque
1851 4235 1906 4316 in·

543 4382 600 4440 rer
618 4359 785 4446 eruditos
812 4363 1091 4462 celeberrimo,
1119 4388 1166 4444 err
1185 4355 1259 4468 ipso
1282 4356 1488 4446 Drusorum
1520 4390 1639 4476 regno
1659 4365 1821 4446 Romam
1851 4349 1905 4446 as·

538 4515 728 4601 portatum
748 4485 815 4578 else
832 4522 937 4578 atrro
957 4488 1109 4578 scimus:
1138 4517 1253 4604 atque
1269 4495 1386 4576 etiam
1405 4482 1658 4578 aurichalcum
1672 4494 1800 4579 colore
1822 4517 1902 4580 tam

542 4641 658 4734 prope
675 4651 766 4708 auro
787 4626 964 4726 accedit,
994 4651 1033 4708 ut
1054 4619 1263 4708 illusronem
1282 4623 1469 4708 interdum
1490 4625 1665 4710 inducere
1683 4653 1822 4740 queat.

670 4752 1008 4852 Certilsrmurnest,
1026 4755 1179 4848 tizulurn
1197 4754 1305 4837 huius
1322 4757 1429 4836 viruli
1452 4761 1656 4840 maximam
1676 4785 1817 4868 patrem
1837 4784 1905 4842 no-
2033 4831 2037 4836 Α

491 4959 494 4969 .
541 4883 589 4964 tis
607 4887 793 4975 occultis,
818 4893 879 4972 vel
901 4884 997 5001 siglis
1025 4879 1198 4996 scriptum
1223 4877 1330 4966 else.'
1346 4887 1453 4970 llaec
1484 4914 1618 4972 arcana
1637 4884 1825 4986 scribendi⁸
1841 4915 1900 4970 ra·

538 5015 623 5110 tio,
651 5041 765 5126 quam
794 5037 1083 5127 praeoperatur
1120 5017 1236 5129 vulgo
1266 5013 1426 5114 dicunt,
1449 5017 1497 5099 ab
1526 5011 1785 5132 antiquillimis
1812 5015 1901 5102 inde

518 5148 767 5254 -r'rmporibut
796 5145 894 5254 apud
923 5169 1055 5226 omnes
1082 5141 1157 5228 fere
1190 5171 1324 5258 gentes
1355 5147 1540 5246 invaluit,
1564 5155 1602 5232 δι
1629 5145 1702 5247 nid,
1722 5145 1898 5234 falluntur

542 5278 611 5360 viri
630 5279 768 5364 eruditi
785 5283 826 5380 (5
842 5280 906 5378 a),
929 5301 1017 5360 cum
1039 5269 1111 5383 ipsa
1128 5269 1301 5386 scriptura
1318 5334 1332 5375 ,
1354 5279 1416 5362 vel
1434 5283 1558 5395 paullo
1575 5279 1653 5391 poll
1669 5284 1749 5365 eius
1769 5285 1898 5364 inven-

1756 5417 1903 5500 tionem

583 5553 666 5654 (52)
690 5548 945 5638 Montsaucon.
965 5559 1845 5662 iuPalaeogr.Gt.TroziuHugonemp,r53.al.
