5225 7084
1225 1004 1505 1149 iliud
1552 880 1554 883 Ι

680 1220 904 1315 uocanti),
921 1216 1020 1320 (17)
1038 1239 1136 1327 quae
1152 1214 1289 1300 deinde
1302 1207 1821 1304 Chalifaturn'Abbafidarum
1845 1211 1945 1300 sedes
1963 1241 2046 1327 pera

679 1370 788 1454 petua
806 1341 897 1430 fuit·
923 1348 1047 1432 Huius
1065 1345 1210 1456 periodi
1227 1346 1359 1458 paullo
1375 1342 1643 1461 frequentiores
1658 1341 1737 1432 sunt
1754 1352 1903 1430 nummi
1916 1354 1986 1444 ,ἃ
2004 1353 2049 1431 iu

681 1463 807 1556 musco
832 1478 1019 1585 Borgiano
1038 1481 1139 1564 aurei
1164 1503 1353 1590 quatuor,
1381 1478 1550 1590 argentei
1577 1501 1673 1576 tres,
1701 1480 1808 1562 aenei
1824 1485 1878 1562 1'1.
1902 1469 2050 1561 conset·

658 1613 660 1620 ’
681 1630 811 1688 vantur
828 1609 891 1707 (n.
905 1631 947 1688 11.
958 1603 1006 1688 ad
1021 1615 1114 1712 arx)
1133 1612 1203 1694 .1n
1220 1611 1339 1695 aureis
1356 1607 1465 1706 urbs,
1485 1607 1549 1690 ubi
1567 1603 1643 1690 cuii
1659 1602 1853 1706 sunt„noo
1870 1600 2049 1690 nominat

679 1758 761 1816 tut:
791 1729 851 1819 sed
867 1761 1018 1849 propter
1034 1737 1256 1850 elegantiam
1273 1737 1477 1852 quamdam
1495 1740 1740 1834 ianitorem,
1768 1751 1886 1850 quem
1903 1762 1995 1848 prae
2013 1729 2049 1818 st

679 1861 828 1963 ferunt,
843 1867 902 1950 vel
921 1893 943 1947 e
962 1860 1103 1952 Waseri
1123 1869 1218 1968 ,ubi
1237 1867 1399 1952 artifices
1422 1870 1599 1952 monetae
1614 1867 1846 1957 exercendae
1867 1871 1943 1950 iam
1957 1868 2050 1978 peri·¹

681 1997 799 2080 riores
815 2022 942 2106 erant,
958 1997 1017 2083 vel
1036 1997 1088 2081 ob
1104 1996 1284 2112 infignem
1298 2025 1421 2110 ,quae
1435 2001 1537 2082 inter
1554 2005 1890 2094 .eas.&uumutum
1906 1999 2049 2080 rucin-

646 2193 649 2199 ,
682 2125 838 2210 tercedit
856 2125 1135 2212 similitudinem
1157 2179 1168 2215 2
1199 2125 1362 2214 tenue
1390 2123 1632 2213 officinacsb
1648 2128 1849 2212 videntur.
1882 2128 2051 2212 Nummi

680 2258 845 2366 argentei
863 2264 901 2340 δι
918 2260 1022 2340 aenei
1048 2284 1174 2343 autem
1205 2262 1244 2342 in
1264 2262 1373 2344 variis
1398 2261 1503 2371 regni
1525 2255 1736 2342 Califarurn
1754 2257 1937 2353 urbibus,
1965 2253 2049 2338 Ab

679 2381 799 2482 bafia,
817 2383 944 2488 Cuia,
963 2379 1121 2489 Anbar,
1137 2381 1288 2502 Bagdad
1302 2444 1317 2488 ,
1333 2382 1486 2501 aliisque
1501 2381 1578 2472 cufi
1595 2381 1701 2487 suut,
1721 2393 1761 2466 dr
1778 2386 1948 2498 plerique
1963 2409 2042 2468 tanr
2205 2406 2209 2414 ’

514 2549 516 2555 ·
682 2513 763 2600 rudi
780 2541 857 2600 atre
873 2515 1047 2628 perculsu,
1067 2544 1116 2620 ¹ut
1143 2524 1265 2631 prima
1292 2517 1471 2628 opificum
1501 2513 1701 2629 specimina
1728 2511 1800 2600 esse
1819 2513 2046 2601 videantur.

679 2643 862 2728 Ceterum
880 2673 1003 2760 neque
1018 2650 1074 2732 illi
1094 2653 1240 2734 nummi
1260 2647 1435 2730 Chalifae
1452 2673 1592 2730 nomen
1619 2648 1785 2730 indicant
1802 2703 1816 2744 ,
1835 2638 1894 2727 sed
1912 2637 2044 2728 iisdem

676 2767 784 2872 frte,
805 2801 921 2884 quant
951 2775 1007 2862 illi
1034 2779 1146 2886 primi
1165 2769 1422 2875 Wasetenset,
1445 2769 1630 2860 semenriir
1658 2799 1741 2860 tum
1766 2779 1807 2858 iu
1824 2799 1932 2870 area,
1961 2798 2046 2858 turn

676 2903 717 2984 in
736 2907 905 3014 margine
923 2896 1003 2988 sunt
1018 2910 1139 2988 ornati
1158 2962 1169 2984 .

812 3030 1019 3144 Imperium
1037 3029 1274 3118 Cbalisarum
1295 3037 1335 3119 in
1351 3034 1433 3118 dits
1448 3038 1636 3132 accrevit,
1648 3039 1688 3118 δι
1705 3059 1783 3117 tarn
1802 3034 1943 3118 vallum
1962 3058 2048 3116 eva·

590 3195 593 3200 ·
681 3157 749 3255 lit,
781 3157 822 3248 ut
841 3162 891 3248 ab
909 3189 987 3249 uno
1005 3168 1083 3276 regi
1108 3167 1345 3276 nequiverit,
1375 3157 1435 3245 sed
1451 3161 1628 3274 praefecti
1652 3167 1782 3248 vicarii
1809 3162 2050 3275 eligerentur,

679 3298 745 3402 qui
765 3296 976 3402 prouincias
998 3319 1228 3408 expugnatas
1245 3294 1520 3406 gubernarent.
1560 3285 1761 3378 Huismodi
1779 3290 1959 3402 praefides
1975 3299 2052 3403 pri·

648 3459 662 3478 κ
679 3449 787 3508 mum
813 3415 946 3506 subditi
977 3447 1080 3507 erant
1100 3420 1299 3520 Chalifae,
1331 3417 1393 3502 sed
1412 3445 1535 3519 mox,
1564 3418 1738 3534 Cbtlifae
1760 3413 2053 3505 absentatio·
2162 3496 2165 3503 .

678 3549 780 3634 tibus
801 3541 870 3634 suis
888 3549 994 3648 steri,
1009 3550 1058 3634 ab
1071 3550 1287 3636 obedientia
1302 3550 1429 3633 eidem
1446 3547 1658 3658 praestanda
1676 3543 1893 3633 subtrahere·
1903 3542 1940 3632 se
1957 3575 2049 3635 coe·

678 3703 844 3790 perunte
862 3679 1010 3768 Eodem
1028 3705 1227 3790 tempore,
1258 3683 1351 3764 ortir
1370 3677 1548 3762 intestinis
1566 3663 1683 3762 turbis
1714 3685 1753 3762 δι
1781 3670 2045 3767 seditionibus,
2160 3743 2168 3756 .

678 3814 848 3894 nationes
865 3807 1227 3907 barbutac‘l'utcae,
1254 3810 1350 3894 ltanc
1366 3805 1603 3892 occasionem
1617 3812 1857 3921 arripientes,
1881 3813 2046 3919 optimas

605 3931 609 3940 ’
677 3942 887 4049 provincias
901 3942 941 4046 in
957 3933 1059 4024 suant
1077 3939 1301 4054 redigebant
1320 3939 1565 4050 potestatem,
1586 3964 1704 4050 equo
1720 3937 1858 4021 fanum
1879 3994 1893 4035 ,
1922 3963 1964 4020 ut
1980 3962 2046 4022 va·
2188 3998 2190 4007 ·

670 4070 773 4156 llum
801 4071 894 4152 illud
910 4073 1111 4182 imperium
1131 4076 1170 4152 in
1188 4071 1306 4153 multa
1322 4095 1436 4179 regna
1454 4067 1710 4166 divideretur,
1732 4061 1906 4150 Chalifae
1924 4068 2044 4154 niun,

680 4195 745 4284 nifi
757 4201 975 4286 auctoritate
992 4202 1106 4312 primi
1119 4193 1312 4282 Pontificio
1327 4197 1479 4282 relidia'.
1504 4197 1663 4282 Plurimi
1680 4198 1818 4282 horum
1835 4199 2048 4308 principum

679 4332 876 4440 pecuniam
905 4332 1021 4414 eriam
1042 4321 1106 4414 suo
1125 4327 1280 4414 nomine
1303 4321 1551 4421 excusetuot,
1586 4328 1626 4410 id
1644 4327 1751 4437 quod
1769 4320 1957 4440 absolutae
1982 4351 2049 4409 au·

678 4463 861 4542 cloritatir
878 4458 1059 4544 indicium
1079 4458 1284 4542 habebatur
1301 4491 1311 4541 r
1340 4457 1415 4540 boc
1431 4483 1560 4542 tamen
1577 4451 1813 4553 discrimine,
1828 4457 1933 4567 qnod
1946 4480 2052 4568 teges

679 4587 754 4685 illi,
779 4589 847 4700 qui
865 4588 961 4670 olitn
980 4583 1154 4672 Chalifae
1180 4580 1315 4673 subditi
1340 4584 1518 4686 fuerant,
1546 4613 1685 4669 nomen
1704 4584 1880 4668 Chalifae
1896 4580 1962 4669 suo
1980 4611 2051 4668 no·

681 4719 776 4800 mini
794 4711 1089 4828 praeposuerint,
1108 4741 1239 4830 utpote
1257 4721 1323 4827 qui
1344 4709 1558 4828 persuadere
1575 4714 1717 4827 populo
1734 4741 1936 4826 cuperent,
1954 4708 1990 4794 se
2009 4738 2051 4796 ut

679 4871 788 4932 veros
807 4847 1055 4932 Musleminos
1079 4843 1273 4932 Chalifam
1308 4847 1524 4957 legitimum
1543 4843 1786 4930 Mulumtdis
1816 4835 2075 4926 successorem·

681 4969 904 5090 agnoscere,
926 4979 1061 5088 reliqui
1084 5000 1211 5062 autern
1232 5002 1342 5088 reges
1358 4973 1506 5059 barbati
1523 5033 1537 5074 ,
1554 4976 1616 5062 uel
1640 4976 1808 5086 plerique
1826 4997 1987 5092 eorum,
2002 4995 2051 5052 ne

680 5105 780 5192 hunc
793 5107 950 5220 quidem
964 5104 1137 5193 Chalifae
1154 5105 1338 5191 honorem
1361 5102 1579 5214 tribuerint.
1597 5098 1804 5186 AChalifis
1820 5098 1902 5212 ipsu
1914 5101 1962 5183 ab
1977 5099 2052 5183 ltoc

682 5258 857 5349 tempore
887 5237 1146 5351 pecunia-cusa
1163 5261 1239 5323 non
1259 5233 1434 5320 uidetur:
1466 5237 1624 5318 minime
1641 5235 1745 5344 enim
1765 5232 1815 5317 ad
1840 5258 1907 5313 nos
1933 5230 2055 5316 nullus

1889 5385 2021 5444 eorum
2041 5413 2056 5455 ,

751 5517 830 5611 (17)
856 5514 1113 5613 Abulsatagius
1127 5511 1273 5603 hist-Ar,
1283 5535 1322 5609 p.
1337 5513 1420 5587 218.
1434 5507 1522 5585 vers.
1539 5513 1614 5584 Lat.
1625 5530 1800 5608 pagrqt.
