5225 7084
1094 1043 1372 1184 biturio

544 1262 664 1360 liare,
691 1257 879 1378 'elinguae
904 1259 1036 1373 petitia
1064 1237 1259 1372 tantopere
1282 1249 1457 1354 diversa,
1474 1223 1658 1364 quantum
1685 1249 1828 1344 diuersa
1854 1256 1908 1344 est

545 1383 749 1500 scriptura,
772 1395 907 1507 quibus
928 1418 1129 1490 ornantur,
1151 1392 1199 1475 ah
1214 1417 1292 1488 ea,
1316 1411 1393 1500 qua
1415 1388 1578 1471 inlibris
1604 1387 1703 1503 apud
1721 1415 1789 1472 uos
1804 1391 1904 1501 typia

454 1567 473 1597 -‚
546 1519 702 1604 arabicis
718 1523 872 1608 edendis
884 1521 1023 1637 ,uulgo
1040 1528 1207 1608 utimur.
1225 1525 1268 1606 ln
1286 1521 1453 1608 uurnmis
1469 1516 1612 1601 litterae
1623 1516 1809 1602 Arabicae
1830 1535 1911 1606 uta-

388 1719 394 1732 .
544 1651 605 1760 gis
620 1655 735 1735 eriam
764 1655 960 1766 perplexae
985 1647 1216 1752 scribuntur,
1245 1660 1360 1765 quam
1390 1646 1551 1732 inlibris
1566 1641 1814 1759 scriptia-eui
1840 1650 1911 1734 im

549 1785 714 1864 nummis
726 1779 873 1869 Cuficis
883 1784 957 1868 alia
969 1787 1090 1869 maior
1105 1778 1304 1920 difficulty
1322 1807 1346 1863 e
1363 1779 1498 1864 litteris
1514 1774 1637 1864 formu
1656 1783 1752 1894 inter
1768 1772 1911 1866 seumi-

336 2027 345 2041 ,
416 1927 417 1931 ‘
546 1905 645 1993 libus
662 1913 836 2016 accedit,
854 1909 952 2027 quae
973 1914 1086 1998 nullis
1114 1910 1224 2025 fignir
1244 1905 1531 2009 ¹discernuntur,
1556 1915 1595 1995 br
1613 1911 1822 2007 lethonem,
1844 1912 1914 1994 mi·

545 2060 614 2119 uus
630 2037 769 2128 horum
802 2041 963 2127 defeblui
996 2037 1209 2143 assuetum,
1241 2047 1279 2127 in
1311 2067 1489 2154 perpetua
1519 2038 1773 2155 ambiguitate
1801 2038 1914 2124 relin⁴

542 2163 685 2276 quunt.
706 2170 942 2260 Nonmorlo
964 2167 1149 2286 linguae,
1174 2164 1370 2271 ultoriae,
1396 2171 1646 2284 geographiae
1661 2174 1815 2281 petitia,
1843 2162 1908 2256 sed·

540 2317 629 2378 ante
644 2305 780 2386 omnia·
792 2303 901 2416 longa
916 2330 1003 2385 curn
1026 2303 1085 2386 his
1107 2300 1567 2412 nurnrnr'rfirrnilt‘uritas3
1584 2297 1803 2387 &obtutus
1818 2314 1907 2407 prr·-

541 2447 682 2511 urutur
704 2435 909 2544 requiritur
926 2433 977 2516 ab
994 2459 1063 2522 eo,
1094 2439 1161 2549 qui
1182 2435 1265 2518 illos
1287 2432 1528 2548 explicandos
1548 2430 1765 2546 aggreditur
1781 2483 1794 2507 ·
1812 2433 1909 2515 Ver·

501 2579 503 2583 ·
538 2551 622 2653 bo,
651 2583 691 2642 ut
710 2564 748 2645 in
766 2563 900 2647 ceteris
927 2563 1096 2677 linguis,
1124 2569 1191 2678 qui
1217 2565 1330 2649 bene
1350 2589 1414 2650 eea
1445 2563 1559 2648 callet
1584 2559 1659 2646 stne
1679 2563 1756 2645 alio
1784 2555 1907 2645 studio

536 2688 715 2793 peculiari
751 2717 997 2775 nummorum
1033 2695 1161 2776 titulos
1198 2717 1275 2776 non
1301 2697 1399 2774 reete
1425 2690 1654 2901 explicabit:
1692 2697 1743 2772 ita
1760 2691 1799 2771 in
1813 2687 1909 2772 Ata·

538 2810 635 2896 bicis'
671 2823 756 2927 quis
785 2821 953 2932 linguam
976 2821 1096 2932 probe
1121 2821 1284 2918 callere,
1317 2844 1470 2930 totamq
1534 2822 1615 2900 eius
1632 2817 1801 2901 indolem
1829 2843 1907 2930 per·
2082 2875 2086 2880 ‚

536 2933 674 3050 spicere
692 2947 856 3055 poterit,
890 2973 962 3033 nec
990 2973 1173 3064 umquam
1191 2949 1267 3033 ulla
1285 2952 1326 3030 io
1346 2974 1437 3034 eum
1454 2945 1688 3058 reprehensio
1707 2945 1841 3033 cadet,
1877 2943 1905 3029 li

536 3074 697 3154 omuino
723 3081 838 3158 etiam
867 3103 890 3160 a
917 3105 1166 3165 nummorum
1187 3080 1408 3191 cognitione
1441 3077 1606 3162 alienum
1638 3067 1771 3160 srelse
1787 3073 1902 3189 profi·

537 3197 678 3282 rebitur
694 3259 704 3280 .

984 3334 1467 3472 curuum.

537 3523 601 3604 Dr
618 3517 774 3639 bulonia
795 3553 1037 3614 nummorum
1050 3529 1288 3641 Cuficorunr,
1303 3528 1619 3650 eorumor'r'gr'ue,
1633 3527 1908 3661 untiquitute,

631 3652 768 3737 variis
797 3655 1007 3742 titulorum
1028 3679 1417 3771 ornamentorumque
1434 3658 1826 3769 commutationibus,

593 3855 606 3867 .
754 3779 869 3870 &dr
887 3794 1016 3878 rorum
1034 3791 1076 3874 r'n
1093 3789 1678 3903 septentrionrtioutgarione..
1761 3855 1768 3867 .
1855 3835 1859 3842 ·

656 3980 797 4062 Ummi
816 3975 970 4064 Arabici
987 3983 1165 4070 dicuntur
1182 4011 1342 4082 omnes,
1358 3987 1427 4096 qui
1443 3986 1574 4070 titulos
1601 3981 1904 4096 linguaArabicu

683 4103 835 4218 scriptos
851 4110 1028 4196 exhibent
1047 4171 1058 4206 ,
1084 4139 1159 4195 non
1177 4139 1349 4211 tantum,
1372 4118 1440 4221 qui
1470 4116 1509 4197 in
1527 4113 1667 4196 Arabia
1692 4107 1768 4196 cufi
1787 4107 1899 4210 sunt,

529 4223 647 4316 sedin
666 4237 771 4348 Syria
787 4242 926 4338 etiam,
948 4244 987 4324 in
1008 4225 1125 4326 Persia
1144 4299 1157 4340 ,
1181 4245 1219 4354 in
1238 4241 1390 4328 Africa,
1408 4246 1447 4325 iu
1466 4237 1665 4354 Hispania,
1696 4241 1837 4336 verbo,
1858 4245 1898 4326 in

531 4363 707 4478 omnibus
731 4369 803 4450 illis
832 4373 1057 4477 provinciis,
1090 4363 1155 4456 ubi
1175 4398 1354 4456 unacum
1375 4373 1543 4456 armis&
1561 4375 1744 4484 religione
1759 4369 1895 4454 Muha-

510 4494 649 4576 medis
666 4551 678 4591 ,
703 4493 831 4608 lingua
848 4503 965 4582 etiam
982 4499 1149 4586 Arabum
1171 4503 1378 4614 penetravit
1395 4555 1408 4579 .
1428 4497 1681 4615 Antiquitsrmi
1706 4501 1816 4584 huius
1832 4527 1896 4614 ge·

531 4628 627 4707 netis
646 4631 808 4721 nummi,
819 4631 907 4738 quia
926 4633 1025 4718 tituli
1044 4657 1175 4716 eorum
1189 4627 1336 4718 Cuficis
1354 4628 1486 4714 litteris
1504 4627 1625 4742 scripti
1643 4625 1747 4726 sunt,
1762 4627 1892 4718 Cufiei

529 4749 588 4831 vel
608 4753 786 4838 Cufenses
804 4783 1011 4846 uocantur.
1047 4767 1134 4846 Hoc
1156 4757 1339 4846 scribendi
1375 4785 1520 4872 genus,
1549 4761 1791 4846 iamdudum
1818 4761 1891 4846 ob·

526 4867 710 4977 soletum,
727 4885 775 4969 ab
793 4886 886 4970 urbe
905 4885 1217 5002 Mesopotamiae,
1234 4889 1364 4988 Cufa,
1389 4889 1455 4972 u'bi
1473 4885 1691 4976 nitidissime
1707 4893 1887 5002 pingeba-

526 5029 616 5108 tur,
639 5039 777 5097 nomen
810 5021 981 5104 inuenit,
1010 5025 1048 5104 δι
1077 5015 1284 5130 praesertim
1321 5017 1403 5131 post
1421 5019 1662 5104 Muhamedis
1679 5041 1851 5127 tempora
1869 5069 1885 5116 a

524 5159 613 5220 cum
633 5143 808 5230 Coranus
832 5140 959 5230 iisdem
994 5151 1123 5232 litteris
1151 5145 1392 5236 scriberetur,
1421 5173 1624 5240 commune
1652 5155 1690 5230 bc
1718 5145 1888 5234 celebrer

523 5264 662 5350 evasit.
696 5274 836 5360 Floruit
866 5275 935 5358 hac
953 5281 1174 5361 auctoritare
1206 5307 1271 5392 per
1298 5304 1386 5364 coc.
1404 5302 1549 5363 tanturn
1579 5303 1721 5363 annosa
1755 5270 1816 5361 sed
1842 5279 1883 5360 iu

522 5385 818 5508 inscriptionibus
848 5412 1170 5494 monimentorum
1199 5415 1237 5493 ἃ
1259 5433 1430 5492 monetae
1447 5407 1496 5492 ad
1512 5401 1695 5494 saeculum
1714 5405 1803 5492 1111.
1822 5402 1884 5486 vel

1296 5540 1328 5620 B
1366 5563 1386 5618 2
1673 5557 1677 5562 ’
1803 5559 1884 5619 xtv.
