5225 7084
1218 1007 1495 1159 “sisois

670 1221 777 1312 edito
792 1174 1282 1312 volcmar-flumineum
1306 1166 1670 1325 anno-mxxxi.
1686 1239 1737 1324 de
1753 1236 1939 1323 Nummio
1956 1244 2040 1327 siaa
2117 1221 2123 1234 ’

668 1357 1067 1446 transmarimis
1086 1360 1244 1472 egregio
1261 1367 1641 1476 mmmmmqno
1657 1393 1897 1480 magnorum
1915 1370 2039 1461 erudi.

633 1563 640 1568 .
667 1495 805 1590 nonu,
820 1516 904 1576 rum
920 1489 1537 1603 linguarumapparatuiilosdode
1552 1493 1830 1616 diligenterque
1846 1500 2042 1588 illustratos

1918 1631 2041 1744 publi·

665 1779 739 1848 sion
753 1799 894 1855 mmo
914 1796 1044 1875 quoto.
1068 1779 1301 1874 redemptionis
1314 1784 1410 1858 sion.
1434 1783 1504 1855 His
1518 1782 1682 1856 iohannis
1692 1783 1854 1878 Hyrcani
1866 1805 2037 1860 nummus

583 1921 588 1931 ι
666 1877 834 1965 accedit,
856 1879 1039 1976 signatus,
1062 1877 1226 1952 norbano
1241 1927 1259 1964 ,
1279 1880 1423 1968 sacerdos
1443 1882 1825 1979 princeps'(pag.182.)
1850 1884 1937 1956 Mihi
1961 1902 2037 1956 tres

665 1994 811 2049 tantum
835 2001 1003 2052 nummos
1024 1978 1456 2053 Hebraeo-Samaritanus
1492 1980 1607 2054 vidill'e
1630 1979 1810 2078 contigit.
1843 1983 1949 2054 Unus
1976 2002 2036 2054 at-

667 2093 818 2172 gtnreus
834 2076 906 2164 est,
929 2082 961 2148 dt
975 2080 1022 2150 ab
1036 2076 1218 2172 aliquibus
1241 2075 1465 2185 doniisviris
1494 2079 1668 2176 genuinus
1695 2079 1867 2165 habitus,
1890 2077 2040 2173 prorsus

667 2173 712 2245 iis
735 2176 857 2250 similis
871 2228 882 2262 ‚
895 2177 955 2272 qui
971 2200 992 2252 a
1008 2178 1074 2250 cel.
1087 2177 1231 2249 Perezio
1246 2176 1293 2249 ad
1306 2198 1440 2252 annum
1460 2175 1658 2252 seeundum
1677 2177 1852 2252 Simeonis
1877 2177 2039 2252 referun-

642 2271 643 2274 '
664 2291 729 2347 tur
745 2325 757 2360 ‚
776 2297 859 2350 cnm
886 2274 1007 2350 iisdem
1021 2275 1145 2372 typis,
1167 2271 1297 2351 eadem
1315 2274 1543 2373 inscriptione
1556 2325 1569 2365 ,
1584 2275 1703 2356 verbis
1717 2275 1878 2369 missalem
1895 2276 2039 2368 sorde„

667 2395 751 2447 eum
770 2384 848 2448 xrrl.
861 2375 993 2450 litteris
1019 2373 1160 2469 scriptis
1185 2393 1285 2464 een,
1309 2374 1368 2450 sed
1390 2375 1550 2471 spurius,
1572 2375 1634 2450 nisi
1647 2376 1772 2448 omnia
1792 2396 1849 2448 me
1874 2371 2030 2452 fallunt.

662 2451 1050 2568 Mutua'depreslio,‘&
1064 2474 1217 2548 elevatio
1230 2495 1334 2548 areae
1348 2476 1455 2548 huius
1469 2475 1606 2550 nummi
1620 2527 1632 2561 ,
1646 2497 1740 2572 qnae
1753 2493 1832 2548 arte
1854 2475 2036 2571 laevigata

662 2571 830 2660 videtur,
854 2575 995 2648 cavitas
1009 2575 1149 2647 nummi
1170 2574 1206 2644 in
1220 2592 1374 2660 centro,
1396 2574 1479 2648 vesti
1506 2577 1539 2646 ’a
1566 2595 1718 2669 aperta,
1737 2571 1810 2646 sole
1834 2571 2038 2657 meridiano

662 2671 821 2749 clariora
836 2675 952 2762 caeli,
975 2673 1162 2770 quocirca
1179 2671 1321 2766 litteras
1333 2724 1353 2763 ,‚
1367 2599 1566 2771 figntaffque
1581 2672 1692 2750 veluti
1718 2670 1860 2744 srircum
1887 2668 2037 2768 scalpse·

663 2789 747 2842 runt
761 2821 772 2855 ,
786 2791 827 2844 ut
843 2770 1018 2866 scriptura
1033 2772 1176 2842 acutior
1189 2785 1404 2866 appareret:
1430 2772 1563 2845 indicia
1578 2769 1656 2844 sunt
1670 2769 1863 2843 adulterini
1875 2771 2037 2859 nummi,

664 2868 1016 2963 quibuscomradici
1039 2869 1271 2964 nonpotell.
1297 2877 1467 2943 Provoco
1491 2869 1539 2943 ad
1554 2872 1603 2958 rei
1623 2870 1845 2943 nummariae
1869 2872 2036 2963 petitos,

662 2965 791 3064 eosque
810 2969 949 3056 invito,
968 2989 1008 3040 ut
1023 2990 1210 3044 nummum
1231 2968 1356 3052 illum,
1381 2969 1444 3064 qui
1469 2969 1506 3043 in
1530 2969 1635 3063 museo
1648 2973 1800 3064 Borgiano
1813 2970 1959 3042 Velitris
1973 2992 2037 3042 ex·

545 3156 546 3160 Ἰ
660 3063 752 3153 slat,
777 3063 846 3140 suis
871 3068 989 3142 oculis
1005 3065 1217 3162 inspiciant,
1241 3085 1353 3163 atque
1377 3067 1593 3143 decernant.
1618 3068 1689 3162 Vix
1711 3068 1823 3140 etiam
1848 3067 2033 3144 verifimile

659 3165 747 3239 mihi
763 3164 930 3254 videtur,
954 3167 1158 3239 litterarum
1174 3167 1355 3260 angulos,
1380 3189 1422 3238 ne
1448 3168 1596 3240 minima
1610 3165 1757 3262 quidem
1773 3166 1901 3240 iniuria
1915 3167 1950 3239 in
1962 3165 2034 3243 hoc

659 3264 966 3352 nummularios,
987 3265 1081 3339 tanti
1107 3264 1276 3347 siclorum
1289 3264 1457 3342 vetustati
1473 3263 1706 3362 respondere.
1730 3264 1907 3364 Equidem
1927 3288 2035 3342 num-

660 3387 761 3436 mum
786 3365 983 3440 condatum
1008 3363 1131 3450 sitisse,
1153 3361 1279 3436 deinde
1309 3387 1392 3436 cum
1417 3363 1610 3443 infusione
1638 3362 1797 3461 figurae,
1821 3365 2034 3462 litteraeque

554 3503 563 3512 «
661 3461 816 3550 crasi'ae,
838 3471 870 3536 dt
884 3463 1031 3538 obtusae
1052 3461 1230 3548 evadant,
1254 3459 1395 3558 scalpro
1419 3465 1618 3558 expolitum
1633 3461 1781 3535 censeo.
1807 3465 1906 3535 Haec
1921 3483 1962 3536 ea
1976 3483 2036 3538 ta-

563 3632 568 3641 ,
656 3561 758 3634 tione
782 3561 1067 3647 adnotavimus,
1090 3581 1131 3633 ut
1145 3560 1379 3648 cautionem,
1403 3561 1706 3659 sagacitatemque
1730 3561 1901 3635 omnibus
1927 3586 2033 3637 num·

660 3681 743 3752 mos
757 3659 1628 3743 Samarieicotrmminaruriseommendentus.
1651 3659 2036 3747 Unumfadtinndmi-

654 3757 873 3850 litudiuem,
898 3781 1009 3882 atque
1030 3759 1281 3856 aequitatem,
1309 3782 1421 3856 quam
1446 3760 1538 3834 inter
1564 3782 1736 3836 nummos
1768 3758 1923 3836 eiusdem
1947 3762 2034 3836 anni

657 3859 877 3936 intercedere
903 3857 1252 3946 animadvertimus,
1281 3860 1341 3932 nist
1364 3859 1488 3935 omnia
1508 3883 1565 3932 me
1592 3857 1743 3946 fallunt,
1766 3859 1865 3933 haud
1889 3880 2030 3936 certum

660 3953 834 4035 inditium
855 3961 916 4033 esl'e
931 3957 1149 4060 integritatis
1178 3977 1437 4056 nummorum,
1454 3961 1510 4031 vel
1530 3958 1690 4056 fignum,
1710 3979 1774 4033 eos
1800 3982 1842 4035 ex
1857 3981 1947 4045 una,
1970 3982 2032 4035 ea·

661 4057 814 4156 demque
839 4057 987 4149 officina
1010 4058 1212 4132 mortuaria
1233 4053 1450 4154 provenisset
1473 4059 1567 4132 inter
1585 4076 1758 4131 nummos
1776 4059 1871 4137 enim
1888 4058 2032 4135 adulte-

656 4158 779 4247 rinos,
800 4181 874 4234 uno
889 4157 1091 4256 eodemque
1103 4156 1257 4231 modulo
1270 4156 1441 4231 infufione
1456 4155 1636 4231 conflatos
1647 4209 1659 4244 ,
1671 4155 1907 4257 eamdemque
1921 4181 2031 4254 prot-

656 4253 713 4330 sus
738 4257 1001 4336 similitudinem
1030 4257 1220 4331 convenite
1241 4271 1419 4354 oportet.
1447 4257 1548 4330 Alter
1572 4280 1741 4330 nummus
1768 4258 2030 4348 samariticus,

657 4357 878 4455 quemvidi,
904 4379 1033 4432 aeneus
1047 4355 1119 4445 ru,
1144 4355 1369 4433 &intudem
1384 4362 1647 4453 museolorgiano
1671 4354 1900 4431 adservatur.
1921 4361 2029 4432 Hunc
2104 4397 2111 4407 ·

657 4456 781 4531 eadem
797 4455 973 4532 facilitate
992 4455 1139 4542 cusum,
1163 4461 1196 4528 δι
1219 4459 1438 4556 antiquum,
1462 4455 1617 4554 ideoque
1644 4457 1882 4552 probabiliter
1903 4457 2030 4554 genui·

655 4579 743 4630 nam
762 4553 852 4648 ede,
876 4556 1033 4642 censen,
1064 4571 1146 4652 qua,
1163 4554 1263 4630 iilum
1281 4555 1445 4653 spurium
1468 4555 1566 4631 dixi.
1595 4551 1653 4633 Est
1677 4553 1833 4630 eiusdem
1861 4553 2026 4646 formae,

627 4679 629 4682 ·
653 4657 826 4754 quaint,
850 4679 957 4754 quem
971 4655 1142 4729 laudatus
1151 4655 1319 4730 Peresius
1342 4657 1435 4730 inter
1456 4679 1625 4730 nummos
1646 4677 1781 4732 aeneos
1793 4656 1932 4730 minimi
1944 4679 2028 4731 mo·

653 4755 729 4830 duli
744 4758 827 4830 anni
838 4783 881 4831 ιν.
895 4755 1069 4830 Simeonis
1095 4754 1277 4841 recenset,
1296 4755 1432 4853 quique
1455 4755 1532 4828 iam
1549 4755 1793 4840 aBeniamino
1806 4755 2027 4830 Kennicotto

654 4856 716 4952 (in
730 4855 842 4945 libro,
855 4869 1040 4960 ismnqrer
1060 4857 1215 4952 nitique:
1232 4856 1288 4946 sar
1300 4867 1327 4931 i.
1341 4857 1473 4931 sanci.
1488 4854 1577 4954 turp.
1591 4879 1637 4932 vn
1656 4878 1740 4952 pag.
1757 4853 1842 4950 34.)
1865 4851 2024 4930 delinea·

653 4975 715 5030 tus
728 4950 822 5046 suit,
842 4981 925 5032 cnm
948 4953 1070 5057 liguris
1085 4953 1210 5041 cedri,
1233 4955 1393 5041 desasto,
1415 4960 1450 5026 da
1475 4955 1587 5028 titulo
1610 4979 1673 5049 run
1692 4951 1813 5036 nbat&
1834 4973 1932 5047 naute
1949 4973 2029 5034 nter
2092 5037 2096 5045 ,

653 5056 886 5135 Samaritice.
910 5056 1071 5134 Tandem
1093 5051 1242 5128 tertium
1256 5075 1446 5131 nummum
1465 5069 1615 5126 aeneum
1631 5052 1704 5128 vidi
1726 5056 1762 5129 in
1783 5055 2023 5131 muscosernr.

577 5187 585 5197 ·
654 5159 1047 5254 urcissaegasapolirm,
1065 5151 1127 5246 qui
1153 5153 1265 5232 'etiam
1286 5153 1503 5249 integritatis
1523 5153 1618 5250 ligna
1636 5151 1778 5244 habet,
1802 5179 1887 5231 cum
1910 5153 2027 5250 ligura

653 5251 797 5330 arboris
822 5255 918 5330 forte
931 5249 1363 5353 opobalsami,&litteta
1385 5265 1415 5322 v
1434 5252 1606 5330 adunam
1621 5257 1742 5344 latos,
1762 5277 1856 5354 quae
1874 5254 2030 5329 nun-inc

654 5351 776 5442 dicat,
798 5353 1014 5431 adulterum
1040 5371 1231 5426 numerum
1258 5353 1366 5439 amri,
1386 5347 1669 5439 seddettitum,
1693 5355 1731 5428 in
1754 5375 1857 5451 parte
1878 5347 2024 5427 adversa

653 5451 773 5625 pficgm
787 5455 870 5530 vitis
892 5479 977 5552 curn
990 5456 1102 5534 titulo
1124 5478 1165 5538 ur
1186 5441 1261 5539 qis>
1289 5453 1371 5534 h,e.
1385 5451 1499 5540 binni
1518 5447 1637 5537 nr'rn‘)
1659 5454 1790 5532 litteris
1803 5445 2025 5532 Samniticis

691 5575 814 5650 rrpto.
