5225 7084
1100 975 1404 1110 burlo»

555 1217 648 1279 num
665 1191 809 1288 habco,
823 1181 1058 1294 inscriptum,
1081 1177 1330 1290 Numismata
1340 1182 1538 1292 quaedam
1554 1178 1825 1296 cuiuscumque
1830 1183 1922 1291 for·

554 1349 639 1405 mae
655 1319 703 1408 ὰ
722 1318 873 1404 metalli
886 1366 897 1402 a
909 1309 1073 1424 Tarvlst
1085 1337 1301 1410 nocentur-3
1315 1313 1355 1394 in
1371 1317 1480 1398 cuius
1496 1336 1605 1396 tomo
1626 1317 1700 1413 nu,
1711 1314 1846 1400 tabulis
1861 1318 1923 1394 tri·

557 1449 627 1534 bus
644 1453 789 1534 nummi
803 1446 956 1532 Arabici
980 1443 1159 1528 delineari
1176 1435 1287 1538 sunt,
1310 1434 1373 1525 sed
1400 1468 1477 1528 non
1496 1443 1701 1552 explicati.
1725 1442 1767 1529 'A
1784 1448 1826 1526 P.
1839 1451 1924 1528 irs·

553 1577 631 1660 liab
643 1573 682 1658 S.
696 1584 724 1662 l.
738 1583 777 1664 in
794 1574 984 1664 annalibus
1002 1599 1136 1688 regum
1158 1579 1198 1658 δι
1212 1599 1336 1660 rerum
1356 1574 1483 1686 Syriae
1509 1579 1623 1687 (pag.
1643 1603 1744 1676 109·
1758 1573 1850 1658 edit·
1867 1572 1921 1668 alf

552 1730 654 1792 retae
666 1712 801 1793 Vener.
815 1737 831 1790 1
844 1737 866 1814 7
878 1737 895 1814 5
909 1710 970 1809 o.)
983 1732 1184 1792 nummum
1199 1708 1314 1817 primi
1325 1705 1438 1818 Regis
1449 1707 1777 1791 Tutcomanotum
1797 1700 1923 1816 publi-

555 1861 683 1921 catum
701 1838 884 1924 habemus
902 1893 914 1933 ,
944 1860 1059 1950 quem
1080 1861 1178 1918 nunc
1196 1833 1268 1918 celi
1284 1834 1523 1949 liarthelrmy
1540 1859 1564 1914 e
1584 1829 1710 1921 museo
1739 1833 1847 1945 regio
1864 1833 1923 1915 di·-

450 1953 456 1958 ’
547 1964 729 2077 ligentius
743 1963 968 2076 descriptum
987 1965 1177 2052 nobiscum
1197 1967 1496 2051 communicavit
1513 2020 1525 2042 ·
1551 1967 1716 2051 Nummi
1732 1965 1811 2049 duo
1829 1964 1923 2044 anti·

465 2078 472 2084 ³
552 2093 714 2206 quilltmi
732 2095 859 2180 Cufici
877 2080 978 2178 aurei
995 2150 1009 2189 ,
1028 2094 1197 2181 Veneriis
1215 2100 1253 2178 in
1271 2095 1535 2178 restauratione
1552 2096 1683 2203 templi
1702 2101 1736 2177 S.
1749 2102 1923 2176 Laurea·
1998 2127 2001 2132 ’

552 2224 608 2305 eii
626 2229 795 2335 martyris
817 2219 926 2307 effolst
947 2243 1046 2306 anno
1063 2227 1218 2310 unxcrl.
1235 2230 1332 2306 inter
1359 2247 1604 2307 monumenta
1629 2227 1785 2334 antiqua
1802 2223 1921 2306 eccle⁴

549 2344 685 2434 flatum
698 2356 928 2438 Venetarum
940 2381 963 2438 a
975 2355 1160 2438 Flaminio
1171 2353 1354 2468 Cornelio
1371 2353 1582 2464 publicata,
1598 2353 1828 2436 delineantur
1839 2358 1917 2453 (8).

550 2476 823 2568 observatione
850 2485 990 2596 dignus
1016 2484 1065 2568 cll
1081 2488 1257 2598 primus,
1285 2486 1487 2580 omnium,
1521 2486 1586 2597 qui
1606 2483 1727 2566 adhuc
1745 2487 1919 2568 innotue-
2040 2569 2050 2576 ,

1809 2637 1918 2709 runt,

549 2823 612 2903 stri
633 2853 718 2903 cum
744 2829 874 2905 litteris
888 2829 1043 2904 Graecis
1067 2825 1190 2914 ἰὲἰὲ,
1215 2832 1249 2897 δι
1275 2823 1313 2899 in
1333 2844 1438 2920 parte
1465 2824 1611 2901 adversa
1643 2826 1773 2900 titulus
1788 2826 1920 2900 Arabi·

550 2947 642 3002 cus.
669 2929 936 3002 Animadvertit
962 2929 1113 3011 austot,
1137 2925 1270 3020 ubique
1290 2926 1383 2996 tales
1404 2944 1536 2998 numos
1562 2925 1735 3012 inveniri,
1759 2921 1824 3020 (de
1840 2949 1916 3022 quo

438 3099 446 3110 ,
548 3023 625 3098 iure
654 3024 810 3117 dubito)
838 3047 948 3125 atque
974 3025 1005 3100 se
1033 3024 1194 3116 exempla
1218 3023 1334 3094 multa
1360 3020 1492 3096 habere
1510 3025 1579 3097 alia
1597 3025 1677 3095 aliis
1704 3026 1810 3118 longe
1835 3029 1916 3120 pul·

550 3121 726 3198 clariora.
751 3123 940 3198 Nummus
964 3148 1020 3195 vs.
1035 3121 1129 3192 idem
1155 3121 1223 3206 est,
1251 3139 1294 3191 ac
1320 3123 1520 3215 Botgiattus
1545 3145 1624 3193 tva.
1646 3122 1810 3218 Denique
1824 3125 1916 3200 Tab.

550 3239 651 3292 cxct.
666 3221 760 3292 inter
781 3245 913 3292 numos
924 3218 1102 3290 Tanctedi
1114 3221 1187 3286 vu.
1204 3215 1380 3308 bilingues
1407 3222 1656 3310 reperiuntur.
1685 3223 1868 3292 Nummus
1883 3231 1912 3296 1.

549 3336 768 3410 argenteus,
791 3318 906 3411 priori
925 3336 1026 3409 parte
1043 3313 1335 3408 litteranrima
1345 3314 1502 3386 nominis
1510 3313 1688 3388 Taucredi
1700 3366 1712 3400 ,
1724 3315 1916 3410 posteriori

554 3435 641 3486 vero
656 3411 785 3488 litteris
801 3411 968 3486 Arabicis
982 3413 1138 3507 fignatus
1157 3408 1228 3495 est,
1255 3431 1347 3503 quae
1362 3412 1433 3505 legi
1455 3434 1529 3484 non
1553 3410 1717 3504 poss'unr.
1744 3422 1784 3484 ln
1798 3421 1840 3483 ll.
1854 3437 1915 3488 no

552 3509 658 3598 minis
683 3511 860 3585 Tancredi
887 3513 984 3582 nulla
1008 3507 1150 3604 vestigia
1175 3506 1305 3590 video,
1331 3510 1363 3578 a
1388 3510 1523 3581 malea
1549 3510 1665 3591 Mario
1689 3512 1914 3605 explicatur:

506 3659 513 3672 .
548 3609 706 3684 Arabica
721 3605 856 3682 inversa
870 3608 960 3682 sunt.
979 3611 1019 3678 In
1033 3605 1223 3681 nummulo
1236 3605 1349 3678 tertio
1361 3626 1538 3704 argenteo
1560 3611 1727 3702 leguntur
1742 3608 1832 3686 iiico
1851 3621 1913 3687 arx

549 3746 687 3832 ments,
713 3738 798 3815 &in
820 3758 924 3838 parte
949 3733 1094 3815 adversa
1115 3733 1243 3812 eadem
1267 3735 1409 3813 arabice
1435 3709 1915 3875 QQWJW

548 3882 784 3973 Tancredus‚
807 3884 882 3958 Rex
902 3883 1065 3960 Siciliae.
1096 3882 1240 3957 Numus
1270 3903 1323 3952 tv.
1337 3883 1432 3956 idem
1459 3907 1593 3957 nomen
1614 3881 1722 3959 latine
1748 3891 1913 3974 exhibet,

551 3983 611 4062 sed
640 3977 992 4078 incircumferentia
1016 3981 1200 4056 adduntur
1237 3981 1457 4054 DEXTERA
1496 3985 1594 4056 ΒΜ.
1626 4035 1635 4054 .
1667 4035 1677 4054 .
1708 4039 1719 4061 .
1747 4039 1757 4059 .
1786 4037 1798 4060 .
1825 3986 1860 4060 b.
1878 4009 1911 4062 e.

546 4091 685 4157 matera
710 4080 839 4178 nomia}
864 4081 1028 4153 exaltavit
1050 4103 1123 4166 me,
1149 4079 1249 4150 &ab
1278 4080 1392 4150 altera
1419 4099 1523 4172 parte
1546 4079 1729 4171 inscriptio
1754 4085 1912 4159 Arabica

548 4176 704 4253 inversa.
732 4182 857 4254 Sextus
882 4175 986 4250 huius
1008 4177 1152 4252 tabulae
1174 4198 1258 4250 cum
1281 4177 1405 4272 ptimo.
1427 4177 1499 4251 fere
1522 4180 1688 4253 convenit
1701 4233 1713 4268 ‚
1739 4185 1773 4252 δι
1798 4189 1861 4257 val.
1878 4190 1912 4254 bt

547 4285 622 4353 vul.
646 4277 799 4374 denique
826 4275 989 4372 vulgares
1015 4271 1093 4350 sunt
1124 4275 1227 4350 oboli
1247 4274 1423 4376 bilingues
1452 4277 1583 4368 aenei,
1610 4300 1705 4376 quos
1732 4279 1769 4351 in
1787 4278 1912 4356 museo

545 4375 729 4474 Borgiano
756 4375 956 4470 explicatos
979 4374 1124 4448 videas.
1431 4430 1434 4436 .

647 4471 745 4546 Facit
772 4477 859 4546 haec
889 4467 1074 4560 retentio,
1100 4471 1147 4546 ad
1174 4469 1468 4570 intelligendum,
1488 4494 1666 4570 quantum
1681 4472 1910 4552 difficultatis

546 4565 676 4646 habeat
700 4591 894 4646 nuntorum
910 4571 1119 4644 Culicorum
1142 4571 1367 4666 explicatio,
1393 4579 1616 4669 &quantum
1640 4597 1717 4648 tum
1741 4574 1910 4652 sammaa

546 4667 763 4756 observatio,
778 4675 809 4738 δι
821 4665 948 4744 oculus
973 4667 1153 4764 perspicax
1166 4701 1183 4756 r·
1195 4687 1273 4744 tum
1292 4670 1399 4744 etiam
1418 4672 1560 4768 linguae
1574 4722 1584 4758 ‚
1597 4675 1909 4770 palaeographiae,
2003 4680 2005 4683 ’

545 4785 655 4864 atque
677 4767 840 4840 historiae
864 4768 1039 4840 Arabicae
1063 4771 1300 4844 &orientalis
1328 4769 1492 4865 cognitio
1521 4770 1728 4845 nectllatiae
1755 4773 1821 4846 sant
1839 4776 1907 4849 bos

546 4883 717 4954 nummos
742 4865 990 4960 explicaturo.

542 4961 543 4967 ’
590 4965 647 5059 (8)
674 4963 818 5057 Ecclefiae
846 4967 979 5036 Venetae
1003 4965 1069 5036 auti
1092 4967 1142 5038 uis
1163 4968 1366 5038 monimentis
1392 4988 1469 5037 auae
1488 4970 1626 5064 primum
1652 4971 1751 5040 editis
1776 4968 1909 5053 illusim-

545 5075 618 5132 rae.
646 5062 804 5136 Veneriis
835 5065 940 5156 1736.
959 4989 1103 5138 Deerit
1122 5073 1204 5139 xnl.
1214 5073 1256 5144 P.
1270 5075 1293 5136 l.
1311 5088 1347 5158 p.
1360 5071 1420 5155 65.
1447 5066 1561 5137 Cuius
1582 5067 1664 5138 libri
1692 5068 1909 5141 delineatio·

544 5157 663 5254 nisque
688 5159 856 5236 notitiam
879 5160 993 5236 debeo
1017 5159 1227 5238 Claralbati
1251 5164 1429 5237 Caietano
1445 5162 1622 5236 Marinio.
1648 5169 1699 5238 Ea
1721 5166 1813 5240 enim
1833 5172 1908 5244 Ro·

545 5277 735 5332 manorum
761 5258 878 5356 gloria
900 5259 1048 5354 proptia
1067 5261 1112 5333 est
1134 5269 1169 5332 δι
1191 5259 1449 5355 particularis,
1474 5265 1574 5360 quod
1597 5267 1884 5362 peregrinatores
1897 5317 1909 5355 ,

546 5357 608 5454 qui
622 5352 822 5430 litteratum
848 5377 971 5441 amore
992 5359 1128 5452 impulli
1150 5358 1301 5432 santiam
1318 5363 1475 5435 Romam
1495 5361 1796 5463 proficiscuntur,
1811 5365 1911 5438 omni

542 5451 790 5530 benevolentia
808 5465 840 5528 bt
867 5456 1089 5534 humanitate
1116 5458 1284 5534 adiuvare
1306 5459 1468 5534 soleant.
