5225 7084
1251 921 1343 1056 eb<
1369 959 1422 1016 ²0
1442 922 1534 1057 >a

709 1127 876 1222 'nummis
896 1121 1068 1238 &figillis
1085 1124 1259 1210 'Arabum
1286 1123 1573 1237 acbristopboro
1590 1130 1644 1215 de
1658 1139 1779 1222 Mure
1799 1132 2080 1248 Norinrbtrgae
2132 1233 2137 1241 ι

710 1269 840 1375 lingua
859 1260 1090 1342 Germanica
1107 1283 1206 1340 anno
1226 1282 1422 1342 unocuxx.
1434 1258 1605 1357 editam,
1637 1260 1677 1341 in
1695 1284 1915 1372 quatameo
1927 1260 2077 1376 descri-

718 1388 944 1510 ptusnullus
965 1413 1140 1502 nummus
1155 1382 1313 1474 euficus
1334 1392 1513 1495 repetitur
1528 1389 1569 1488 (ι
1584 1391 1665 1490 a).-

742 1591 747 1603 .
815 1516 1050 1603 ,Generalem
1071 1517 1118 1602 de
1138 1522 1302 1600 nummis
1313 1514 1463 1604 Culicis
1480 1511 2081 1630 dillettationem,petfeniorem·

716 1677 792 1766 qne
813 1675 994 1762 quantum
1014 1643 1094 1732 fieti
1113 1647 1252 1758 potest,
1264 1643 1393 1732 seriem
1412 1677 1656 1734 nummorum
1681 1650 1933 1738 nemoadhuc·
1947 1651 2073 1762 publi*

717 1807 802 1866 aare
820 1781 1002 1874 tentavit,
1030 1804 1152 1892 neque
1174 1785 1484 1900 tentarepotuir,
1505 1796 1597 1865 ‘cum
1620 1781 1737 1864 altera
1752 1781 1927 1872 colleelio
1943 1839 1957 1880 ,
1973 1785 2076 1868 Bon·

715 1915 851 2022 glanae
878 1913 916 1992 dt
944 1911 1052 2020 copia
1082 1915 1120 1990 δι
1139 1913 1316 1992 varietate
1337 1906 1500 2008 imus,
1531 1911 1568 2002 in
1591 1913 1719 2020 paneis
1741 1907 1838 1993 forre
1856 1914 1969 2022 regiis
1986 1935 2074 1996 mu*

709 2031 776 2124 seis
808 2042 1031 2149 reperiatur.
1066 2036 1191 2123 Nobis
1216 2037 1320 2122 laudi
1340 2037 1533 2136 ducimus,
1551 2037 1775 2151 quod'clar.
1789 2033 1964 2135 Praesulir
1984 2066 2075 2124 mue

711 2165 901 2253 nilicentia
927 2169 1016 2254 huic
1033 2163 1192 2254 defedlui
1212 2163 1376 2284 supplere
1403 2171 1662 2279 potuerimus..
1691 2159 1819 2252 Curae
1838 2166 2074 2264 nobiefirit‘,

648 2299 652 2307 ’
707 2325 885 2386 nummos
914 2325 1048 2382 omnes
1059 2301 1264 2410 Bongianor
1276 2296 1669 2418 Cufionsdiligenrer
1681 2295 1881 2412 studioque
1900 2288 2076 2384 indesello
2121 2413 2126 2420 β

600 2461 614 2485 e
708 2431 826 2514 nostra
846 2455 960 2514 mano
982 2427 1192 2528 delineare,
1213 2430 1347 2535 ordine
1362 2430 1635 2540 chronologico
1658 2427 1900 2524 distribuere,
1914 2471 1917 2474 ·
1932 2454 2001 2537 pro
2016 2429 2076 2513 vi·

693 2559 765 2643 'rili
790 2559 981 2652 illustraret
1001 2585 1117 2669 arque
1133 2563 1323 2648 incorum
1342 2560 1593 2648 delineatione
1610 2560 1860 2670 nostraeulpa
1875 2556 2072 2667 nihilipeo·

539 2712 541 2720 ’
611 2676 615 2684 ’
642 2724 645 2730 ’
705 2711 863 2784 catum,
887 2689 978 2774 nihil
1001 2686 1172 2786 additum
1192 2713 1316 2798 neque
1338 2665 1536 2782 omilium,
1568 2691 1605 2770 in
1629 2685 1864 2772 illustratione
1892 2686 1986 2770 nihil
2012 2710 2072 2770 te-

707 2841 810 2898 mere
827 2839 1034 2909 tentatum,
1055 2821 1096 2896 in
1124 2816 1272 2899 historia
1295 2841 1430 2898 eorum
1448 2816 1667 2924 explicanda
1693 2816 1787 2898 nihil
1805 2811 1879 2899 fine
1907 2817 2070 2898 auotori-

705 2967 783 3038 rate
797 2941 982 3055 prolatum
999 2934 1103 3027 fuille
1120 2999 1132 3040 ,
1151 2943 1426 3054 pollicemur.·
1452 3036 1455 3040 ⁸
1588 2989 1592 2997 ,
2038 3016 2041 3022 ,

840 3073 938 3171 Sed,
960 3099 1010 3158 ne
1027 3078 1112 3185 quis
1134 3097 1263 3184 putet,
1279 3066 1423 3160 nosmet
1439 3071 1612 3158 laudibus
1632 3053 1860 3173 noterium,
1878 3099 1974 3186 quos
2000 3099 2073 3157 no·

708 3205 963 3299 miravimus,
986 3206 1184 3300 virorum,
1213 3202 1323 3286 nobis
1338 3207 1470 3302 omni,
1493 3227 1572 3314 qua
1587 3229 1651 3312 par
1669 3206 1743 3289 est,
1759 3197 1991 3316 observantia
2006 3228 2074 3285 co·

705 3333 902 3418 lendorum
922 3388 935 3428 ,
958 3357 1172 3440 arroganter
1189 3330 1334 3441 aliquid
1362 3333 1557 3414 detrahere
1574 3331 1700 3417 velle,
1731 3358 1850 3414 onum
1874 3327 2075 3442 stplacet,

706 3459 918 3544 addimus·
957 3461 1120 3546 Scienria
1144 3485 1391 3544 nummorum
1406 3456 1658 3570 Arabicarum
1689 3457 1850 3546 [ludium
1878 3460 1929 3544 ell
1957 3485 2074 3570 pecu·

1955 3589 2077 3690 liare,

754 3841 836 3936 (ra)
864 3846 1187 3916 Monumentorom
1207 3823 1642 3928 Cofieorum,nobileum
1654 3834 1853 3938 usquedum
1867 3837 2075 3914 eommuni-

705 3962 888 4028 catorunr,
902 3942 1079 4040 insagnora
1093 3939 1171 4012 sunt
1186 3937 1385 4036 sequentia.
1412 3946 1584 4034 Quatuor
1595 3939 1691 4012 tituli
1706 3935 1918 4034 sepulcrales
1932 3937 2072 4026 Cufiei,

705 4041 741 4112 in
755 4039 887 4111 tabulis
900 4039 1114 4112 marmoreis
1129 4087 1140 4124 ,
1154 4039 1319 4124 Puteoli,
1334 4037 1501 4110 delineari
1523 4037 1728 4130 apompeio
1742 4038 1916 4114 Saruellio
1928 4088 1941 4124 ,
1953 4042 1986 4106 δι
1996 4043 2073 4108 An-

705 4137 810 4210 tonio
832 4135 974 4210 Bulifon
989 4137 1026 4210 in
1038 4135 1133 4208 libro
1144 4137 1466 4223 italico-Gallico,
1486 4139 1519 4210 la
1531 4139 1627 4233 grtiae
1649 4137 1702 4208 des
1716 4155 1879 4233 etrangerr
1895 4155 1957 4234 pat
1973 4135 2075 4224 'Partfi

704 4235 761 4330 sol
785 4259 822 4330 p.
838 4259 901 4330 70.
926 4237 1059 4319 Multae
1076 4230 1322 4334 inscriptiones
1335 4235 1481 4310 Cufieae
1496 4235 1533 4308 in
1547 4235 1742 4331 sepulcris,
1764 4234 1934 4331 templis,
1956 4233 2075 4330 portis

715 4335 859 4408 urbium
887 4335 1042 4410 Arabiae
1069 4331 1259 4420 Galefrrae,
1284 4332 1494 4408 Beirelfalrilt
1515 4338 1563 4408 al.
1580 4353 1740 4430 repertae
1764 4355 1787 4406 a
1811 4339 1875 4407 cel.¹
1887 4332 2077 4418 Niebuhr,

699 4430 802 4504 &ab
827 4432 956 4506 eodem
966 4434 1009 4505 in
1022 4432 1206 4506 itinerario
1219 4431 1307 4520 suo,
1328 4433 1410 4506 &in
1423 4432 1659 4529 descriptione
1673 4429 1828 4506 Arabiae
1843 4430 2072 4529 publicatae.
2129 4469 2133 4474 -

706 4527 850 4602 Titulus
865 4529 1298 4618 Arabico-Carmarieus,
1323 4532 1489 4630 urvulgo
1517 4532 1752 4619 nominatur,
1779 4532 1815 4604 in
1829 4529 1971 4605 fimbria
1992 4527 2075 4622 plu·
2107 4618 2111 4626 Ι

678 4625 808 4704 .'vialis
832 4627 1081 4723 imperatorii,
1109 4629 1577 4726 Norimbetgaeeulloditi,
1602 4653 1695 4704 auro
1708 4631 1822 4704 textili
1838 4628 2002 4726 fulgens,
2015 4647 2078 4698 au

706 4746 771 4836 per
797 4727 1002 4820 publicatus
1017 4751 1037 4804 a
1051 4725 1380 4824 eelChrilloplroro
1394 4728 1437 4802 de
1452 4732 1608 4817 Murr,in
1618 4728 1714 4802 libro
1729 4729 1943 4811 Teutonico,
1956 4727 2076 4816 Descri-

704 4829 779 4922 ptio
798 4847 897 4898 rerum
912 4823 1164 4899 memorabilium
1178 4824 1428 4923 llorimbttgae,
1446 4825 1548 4900 edito
1568 4831 1674 4921 1778.
1701 4823 1889 4920 inscriptio
1913 4845 1998 4897 cunr
2018 4817 2076 4894 lis·

708 4923 793 4996 dem
817 4923 946 4998 litteris
974 4925 1010 4996 in
1043 4922 1218 4997 cathedra
1248 4924 1480 5019 patriarchali
1505 4944 1677 5010 exarata,
1708 4945 1800 5020 quae
1825 4919 1983 4995 Veneriis
2008 4921 2079 4993 ina

707 5023 850 5115 templo
869 5028 900 5098 S.
921 5022 1018 5098 Perti
1041 5021 1311 5108 ,conservatum
1336 5023 1433 5096 edita
1461 5021 1555 5096 inter
1571 5041 1819 5096 ‘monomenta
1841 5017 2075 5094 Eccleliarum

707 5121 925 5194 Venerarunr
939 5143 960 5194 a
976 5121 1148 5194 Flaminio
1162 5118 1358 5206 Cotnelio,
1379 5126 1548 5196 Senatote
1562 5128 1723 5202 Veneto,
1751 5119 1895 5192 Decade
1908 5140 1970 5192 xva
1984 5123 2070 5190 Pal.

708 5218 867 5290 Veneriis
892 5241 925 5312 p.
946 5240 1028 5313 ¹⁹4·
1055 5216 1199 5315 opibus
1223 5219 1367 5316 egregia
1393 5223 1452 5292 illa
1468 5221 1673 5314 ‚fragmenta
1688 5221 1919 5291 Corauorurn
1934 5215 2074 5290 cunco

710 5340 792 5388 turn
819 5367 831 5404 ,
860 5317 1062 5416 stplaett,
1087 5316 1206 5406 adde,
1232 5339 1325 5416 quae
1345 5317 1568 5396 bibliotheca
1590 5318 1688 5418 regia
1710 5315 1909 5393 llafniensss
1934 5311 2074 5392 eouser·

709 5437 793 5490 vat.
1656 5468 1659 5478 r
1828 5463 1859 5484 ,.
