5225 7084
1198 943 1539 1142 ‘coola

692 1266 719 1316 „
738 1213 804 1325 plo
828 1209 893 1296 die
909 1210 1057 1297 tennis
1073 1198 1257 1296 'habenda
1274 1217 1361 1320 (7)a
1384 1206 1531 1300 sustulit·
1552 1195 1848 1298 ieiunia'meofis
1871 1213 2064 1301 Ramadan

690 1403 717 1446 ,‚
736 1345 977 1455 duorumque
1000 1338 1207 1442 sellarum,
1237 1359 1339 1456 quac
1358 1343 1518 1434 arifron
1539 1341 1701 1440 dicunt,
1731 1347 1823 1428 item
1852 1330 2068 1459 peregrinio:

687 1534 716 1576 „
733 1479 855 1560 tiones
870 1480 1095 1573 Mtccanas,
1120 1479 1157 1559 in
1179 1481 1285 1560 cuius
1308 1477 1436 1571 locum
1456 1472 1752 1557 aliasT'alabiam
1767 1475 1936 1559 Arabum
1963 1470 2069 1563 inlli-

690 1662 717 1706 „
734 1612 833 1701 tuit,
857 1631 925 1688 nec
944 1606 1144 1718 denique,
1177 1598 1498 1702 montecellum,
1527 1604 1656 1690 velum
1690 1629 1713 1686 e
1741 1597 1879 1700 serico,
1906 1613 1945 1690 δι
1973 1633 2068 1691 auro

688 1794 715 1836 „
731 1761 978 1822 contextum,
995 1740 1139 1846 templo
1158 1741 1345 1820 Meccano
1363 1739 1402 1819 in
1420 1736 1567 1820 donum
1594 1729 1714 1818 mistt.
1733 1793 1761 1835 „
1782 1739 1968 1819 Ceterum
1990 1742 2067 1822 Hc·

692 1870 781 1950 iem
804 1865 874 1951 fuit
896 1869 1016 1952 homo
1033 1867 1265 1962 inconstans,
1290 1867 1451 1948 crudelis
1470 1915 1481 1953 ,
1502 1870 1663 1976 impius,
1681 1867 1741 1950 vel
1763 1891 1806 1950 ut
1824 1869 1968 1952 Macini
1991 1891 2077 1951 vete

689 1996 749 2081 bis
770 2023 878 2095 utar,
901 1999 942 2080 in
956 2007 1001 2077 'ro
1021 1999 1299 2082 concurrebant
1318 1995 1527 2103 atheismur
1546 1994 1596 2084 ὁ
1612 1994 1791 2105 insania.
1823 1997 1973 2080 Urbtm
1996 2003 2071 2080 Mi·

691 2120 785 2212 stam
805 2131 985 2212 incendio
1003 2127 1126 2210 delere
1146 2123 1262 2225 iussn,
1280 2129 1370 2240 quia
1390 2129 1536 2210 incolae
1553 2122 1620 2211 sub
1639 2134 1731 2238 iugo
1747 2129 1828 2210 eius
1846 2127 2038 2237 plorabant
2053 2158 2070 2208 ι’

693 2255 767 2369 ipsc
790 2260 886 2342 huic
903 2253 1107 2369 speclaculo
1136 2254 1328 2354 interfuit,
1357 2257 1468 2369 plebe
1486 2261 1523 2342 ci
1544 2259 1807 2342 acclamante:
1832 2265 1866 2340 0
1885 2263 1994 2340 Deus
2013 2289 2073 2340 no·

682 2387 796 2496 ster,
827 2392 960 2474 accior
976 2390 1096 2474 vitae
1115 2385 1164 2476 ό·
1182 2390 1319 2474 mortis
1338 2393 1428 2490 (8)!
1465 2385 1609 2474 Infidiis
1631 2383 1774 2472 occisus
1793 2387 1845 2472 est
1874 2413 1897 2468 a
1927 2381 2074 2478 sororu

651 2535 663 2547 “
693 2514 818 2602 mense
837 2517 956 2605 sceval
975 2545 1074 2599 anno
1101 2545 1254 2606 occcxt.
1272 2526 1289 2619 (
1307 2545 1414 2602 atrae
1433 2520 1598 2630 vulgatis
1615 2528 1746 2621 mxx.)
1779 2543 1869 2602 cum
1897 2513 2073 2630 regnasset

692 2675 810 2733 annos
839 2679 901 2766 xv
918 2656 955 2732 u
982 2647 1190 2733 dimidium
1225 2648 1388 2747 mensis,
1423 2675 1529 2731 natus
1563 2643 1648 2733 esset
1680 2673 1797 2732 annos
1832 2652 1985 2759 triginta
2017 2644 2070 2733 se·

693 2761 906 2893 tremos

827 2906 1083 2994 confirmatur
1109 2911 1202 2993 haec
1236 2910 1381 2994 Macini
1408 2908 1542 2994 relatio
1572 2905 1623 2990 dc
1649 2912 1798 3022 origine
1830 2900 2069 2992 Drusoruou

696 3033 772 3150 ipso
790 3046 913 3153 gentis
941 3042 1187 3136 testimonio,
1216 3040 1351 3154 quod
1340 3066 1379 3123 ιιι
1397 3039 1552 3123 laudato
1574 3036 1674 3124 libro
1698 3038 1956 3123 bibliothecae
1973 3044 2068 3122 Bor

697 3173 835 3284 gianct
860 3168 1067 3280 profertur
1098 3170 1190 3254 licet
1209 3175 1304 3256 veris
1321 3163 1405 3254 falsa
1436 3165 1742 3268 admisceantur,
1767 3195 1866 3284 quac
1885 3196 1908 3251 a
1924 3163 2075 3280 sapienti

695 3301 835 3389 lectore
853 3299 963 3386 facilc
986 3295 1272 3456 dignoscantur
1308 3295 1445 3398 Drufi,
1469 3326 1520 3386 cx
1536 3297 1611 3385 fide
1626 3301 1737 3386 buius
1752 3299 1905 3401 libelli,
1934 3327 2078 3384 nomen

1764 3486 1767 3491 <
1946 3438 1984 3516 δι
2003 3439 2079 3516 oti

650 3837 654 3844 ,
698 3660 2079 3859 ΓιιΝ-θίιῑιέὼιΰῗιῦωιψιώιῦ

696 3735 963 3988 *bad-³
978 3862 1665 4064 Adbswwlljv
1646 3870 2079 4082 „wami-

754 4715 809 4811 (7)
836 4716 951 4805 Vide,
976 4739 1069 4815 quae
1092 4716 1136 4789 de
1160 4713 1287 4790 corba'
1278 4737 1378 4788 tntx
1386 4717 1578 4809 plicatione
1605 4737 1651 4784 nu
1631 4724 1842 4788 ummotum
1868 4715 1925 4787 Cu
1927 4715 2040 4786 licoru
2020 4737 2081 4788 um
2242 4794 2248 4809 ‚

704 4811 776 4888 sust
798 4813 1046 4892 disseruimus.

755 4923 811 5023 (8)
838 4923 1045 5004 Maclnust.
1061 4949 1096 5002 c.
1111 4945 1198 5022 pag.
1216 4931 1296 5001 260
1323 4894 1480 5072 {La
1484 4883 1548 5045 ii)
1582 4879 1809 5036 Aspim
1832 4851 2088 5040 oflois)
