5225 7084
1128 1041 1132 1052 ’
1219 998 1537 1143 *brittoli*
1552 995 1615 1016 ””””

471 1212 473 1222 ’
545 1287 549 1298 .
688 1221 834 1304 tionem
861 1206 1061 1304 obtinuisse
1093 1237 1197 1326 patet
1227 1271 1239 1294 .
1275 1212 1422 1300 Arabes
1461 1241 1553 1301 vero
1590 1221 1899 1329 compendiariae
1948 1215 2062 1307 brius

688 1344 885 1461 scripturae
906 1357 1039 1433 ceteris
1066 1343 1240 1462 gentibus
1258 1343 1335 1428 sere
1348 1350 1607 1432 amantiores,
1625 1373 1671 1431 ac
1687 1355 1884 1458 peritiores
1913 1357 2063 1438 etiams

691 1473 973 1565 elsevidentttr.
1008 1482 1062 1562 Ea
1082 1472 1290 1586 saepiffime,
1303 1502 1460 1562 utuntur
1477 1480 1518 1562 in
1532 1479 1667 1564 litteris
1684 1479 1931 1570 snmiliatibtts
1943 1509 2068 1578 ,curn

581 1657 586 1662 ·
690 1607 856 1708 secreta,
883 1613 943 1696 vel
963 1635 1026 1702 ,res
1041 1607 1265 1694 domesticas
1290 1637 1381 1694 cum
1401 1610 1532 1692 amico
1547 1615 1836 1696 commonicare
1854 1609 1936 1724 iplis
1952 1639 2068 1700 corae
2213 1670 2218 1676 -

686 1745 769 1828 est.
800 1735 989 1839 lanilletl,
1021 1747 1162 1826 milites
1197 1743 1377 1840 Sullani,
1405 1745 1446 1824 in
1476 1740 1582 1825 libris
1617 1767 1897 1854 acceptorum,
1924 1749 1963 1825 dr
1999 1770 2066 1826 er·

688 1865 917 1987 pensorum,
944 1897 992 1954 ne
1010 1871 1060 1954 ab
1077 1872 1153 1954 alio
1170 1897 1228 1954 res
1246 1865 1408 1982 ipsorum
1430 1874 1690 1986 intelligantur
1708 1931 1724 1972 ‚
1747 1862 1922 1985 scriptura
1938 1875 2071 1987 ignota

688 2029 867 2100 utuntur,
897 2027 1014 2116 quarn
1032 2003 1147 2114 fiale
1172 2011 1400 2087 nominant.
1430 2006 1632 2104 intramus,
1663 1999 1902 2119 iudicesque,
1929 2009 1969 2088 dr
1984 2030 2071 2088 ern·

690 2135 763 2223 diti
791 2131 1003 2246 frequenter
1027 2130 1155 2231 cistis,
1176 2129 1356 2248 notisque
1374 2139 1531 2220 nomina
1548 2127 1610 2219 sita
1626 2134 1823 2236 scribunt,
1851 2162 1898 2220 ne
1916 2131 2067 2221 facilen

690 2265 955 2377 deceptoribus
978 2268 1203 2348 innitentur.
1232 2259 1304 2347 Ars
1321 2269 1472 2380 magica
1486 2269 1608 2349 etiam
1629 2268 1680 2352 ab
1698 2266 1886 2351 Arabibus
1903 2322 1917 2363 ‚
1937 2270 1976 2350 in
1995 2269 2071 2376 pti,

691 2403 764 2483 mis
782 2395 830 2479 ab
848 2396 980 2488 incolis
991 2399 1134 2479 Omani
1153 2419 1377 2496 exercetor,
1390 2423 1465 2510 qna
1482 2397 1661 2508 ligaturas
1677 2399 1786 2484 instar
1804 2398 2067 2496 Iudaicarum,

690 2531 801 2617 variis
820 2520 966 2610 secretis
998 2523 1300 2626 charaderibns,
1329 2528 1392 2614 vel
1409 2525 1513 2611 cistis
1536 2529 1625 2611 loco
1648 2529 1860 2614 litteratum
1887 2551 2072 2628 mnatas,

692 2737 928 2832 conficiunt,
948 2677 1039 2854 quas
1060 2733 1239 2844 {smallab
1261 2699 1345 2824 rili
1357 2707 1439 2904 fas
1472 2767 1603 2826 nomen
1621 2738 1700 2827 Dei
1718 2763 1933 2854 nuncupant
1946 2743 1988 2847 (5
2005 2745 2067 2851 3):

692 2977 776 3038 tunt
791 2955 908 3037 etiarn
928 2959 1070 3060 pateras
1089 2949 1276 3060 magicas,
1294 2949 1441 3053 cultra(
1447 2982 1465 3058 5
1477 2959 1536 3057 4),
1550 2975 1627 3036 cet.
1648 2944 1778 3038 iisdem
1797 2929 1898 3065 siglis
1913 2977 2070 3036 ornant.
2155 3037 2161 3056 ,

694 3084 822 3172 Simili
854 3081 973 3166 modo
1009 3072 1164 3188 scriptus
1195 3077 1344 3166 videtur
1378 3079 1727 3168 titulus.fimnlacri
1749 3076 1988 3180 Drusorum,
2024 3108 2067 3165 ut

693 3241 792 3328 quae
810 3211 906 3297 sorte
934 3210 985 3296 ad
1007 3211 1110 3324 leges
1126 3234 1259 3296 eornm
1277 3212 1501 3320 pertinentia
1518 3215 1715 3314 continet,
1732 3210 1824 3299 licut
1850 3217 1890 3296 dt
1924 3239 2073 3298 ceteraa

693 3351 827 3438 omnia
845 3345 955 3428 huius
976 3347 1124 3456 gentis,
1140 3341 1417 3454 impenetrabili
1437 3337 1578 3428 secreto
1595 3341 1850 3440 obvolvantur
1866 3342 1900 3425 .’

826 3473 991 3560 Arabica
1015 3469 1089 3556 fine
1103 3472 1224 3558 dnbio
1241 3471 1293 3558 est
1314 3465 1525 3588 inscriptio;
1541 3501 1589 3558 ea
1606 3480 1709 3562 enim
1731 3477 1860 3590 lingua
1876 3471 2072 3558 familiaris

626 3593 632 3604 ’
694 3609 747 3696 esi
769 3612 873 3722 genti
886 3665 898 3704 ,
910 3611 948 3690 δι
961 3609 999 3689 in
1013 3603 1147 3689 eadem
1163 3631 1297 3688 omnes
1316 3631 1450 3692 eorum
1465 3607 1551 3690 libri
1570 3592 1692 3717 scripti
1709 3600 1790 3690 sunt
1802 3666 1813 3688 .
1827 3607 2075 3689 Chatadlerrs

695 3744 813 3824 etiam
843 3733 1039 3820 tnaniselle
1058 3734 1215 3817 Arabici
1235 3731 1346 3831 sunt,
1373 3741 1412 3819 dt
1430 3736 1588 3849 quidem
1605 3736 1771 3848 duplicis
1798 3738 1980 3850 generis,
2005 3732 2071 3816 alii

700 3868 855 3980 cifras,
888 3867 951 3951 alii
981 3872 1167 3954 elementa
1191 3867 1457 3950 litterarum.

825 3994 965 4097 Cisris,
994 3999 1054 4084 vel
1077 4021 1324 4080 numerorum
1343 4002 1470 4098 notis,
1500 4024 1593 4109 quas
1612 4055 1626 4096 ,
1646 4020 1689 4079 nt
1704 3984 1780 4082 alio
1798 3995 1887 4081 loco
1905 3989 2074 4080 observa·

694 4134 850 4226 vimus,
872 4130 921 4213 ab
941 4129 1042 4214 ludis
1067 4151 1291 4238 acceperunt
1311 4127 1485 4225 Arabes,
1512 4127 1681 4212 constant
1700 4153 1775 4227 ea,
1793 4153 1900 4240 'quae
1920 4131 1959 4212 in
1975 4129 2080 4241 pedi·

695 4259 769 4346 bus
799 4257 1012 4360 fimulrcri,
1043 4269 1081 4346 δι
1102 4261 1143 4342 in
1171 4261 1281 4344 tertia
1311 4261 1408 4342 linea
1434 4285 1457 4342 a
1482 4283 1613 4343 vemre
1629 4262 1695 4363 (in
1721 4260 1850 4364 tabula
1877 4263 1997 4345 nollra
2019 4287 2074 4341 xt.

701 4401 870 4512 quarta)
878 4418 1028 4478 exarata
1044 4373 1421 4479 animadvertuntur.
1444 4389 1556 4505 Qae
1572 4415 1685 4473 notae
1702 4417 1792 4474 cunt
1817 4393 1914 4474 inter
1932 4392 2078 4476 litteras

703 4529 823 4608 etiarn
845 4525 1034 4608 interdum
1054 4521 1250 4632 inscriptae
1268 4525 1524 4634 reperiantur,
1553 4521 1603 4604 ad
1627 4515 1717 4631 ipsas
1744 4523 1886 4604 litteras
1915 4529 2079 4630 pertine·

701 4680 767 4753 te,
799 4665 913 4765 atque
940 4656 1147 4740 litterarum
1176 4653 1264 4735 loco
1282 4651 1471 4737 adhibitas
1498 4646 1600 4737 fuisse
1629 4648 1739 4736 facile
1757 4653 1979 4736 arbitrarer.
2015 4654 2079 4733 So·

705 4783 783 4868 lent
804 4787 986 4870 nimitum
1011 4783 1273 4900 cryptogtaplri
1294 4782 1466 4866 Arabum
1496 4779 1599 4865 cistis
1616 4809 1684 4892 pro
1710 4785 1844 4867 litteris
1861 4781 2081 4889 alphabeti,
2134 4833 2165 4845 «-

704 4941 804 5032 quac
844 4911 978 5003 iisdem
1008 4913 1267 5034 respondent,
1302 4918 1359 4997 uri
1389 4946 1399 4996 t
1431 4919 1471 5000 dc
1498 4913 1659 5027 quidem
1688 4918 1794 5000 lurra
1820 4911 1996 4994 ordinem
2020 4913 2083 5128 lag·

1995 5069 2023 5154 p
2073 5084 2088 5109 .

759 5267 840 5364 (53)
866 5265 1031 5341 Niebuhr
1057 5263 1276 5362 description
1298 5261 1343 5338 de
1357 5261 1552 5340 l’Attbie.
1578 5261 1826 5359 copenhague
1845 5281 1932 5359 pag.
1945 5281 2003 5354 90.
2020 5284 2080 5353 pr.

565 5357 573 5362 ’
706 5392 791 5466 ιος.
807 5365 880 5466 seq.

616 5497 622 5510 ·
753 5469 834 5567 (54)
860 5461 982 5542 Exslat
1006 5463 1042 5538 in
1055 5461 1180 5538 museo
1195 5463 1379 5560 Borgiann
1393 5463 1548 5538 Velitris
1575 5433 1734 5536 cultrum
1759 5483 1803 5535 tx
1828 5479 1911 5536 atrt
1936 5458 2089 5559 magicis

703 5562 997 5658 eharasttribus,
1025 5586 1107 5658 runt
1128 5563 1344 5639 &Arabicis
1370 5563 1502 5640 litteris
1516 5583 1713 5640 notatum.
