5225 7084
1089 937 1377 1114 &itali

548 1179 723 1270 Coranus
741 1173 868 1269 iidem
887 1177 1018 1268 litteris
1034 1169 1273 1274 scriberetur,
1290 1182 1338 1262 in
1352 1199 1476 1260 totam
1488 1169 1668 1262 Arabiam
1682 1233 1696 1275 ,
1712 1165 1915 1289 omnesque

550 1319 761 1425 provincias
780 1311 829 1396 ab
847 1310 1035 1396 Arabibus
1060 1333 1288 1424 expugnarat
1315 1299 1350 1388 se
1369 1301 1519 1392 diffudit
1531 1359 1555 1388 a
1576 1310 1620 1389 ln
1645 1307 1834 1418 primitia
1852 1300 1916 1390 usu

551 1465 655 1524 erant
675 1438 795 1550 Casae
810 1459 833 1538 ,'
851 1469 966 1552 quarn
982 1439 1035 1524 ob
1053 1469 1132 1524 tem
1157 1457 1296 1522 nomen
1314 1432 1563 1530 Cufenfittm,
1597 1436 1656 1520 uel
1686 1434 1915 1521 Culicotuna

548 1595 777 1684 aeceperunt
797 1633 806 1654 .
839 1552 922 1656 Hae
938 1571 1113 1668 litterae,
1138 1598 1179 1656 ut
1196 1561 1235 1652 in
1256 1564 1391 1652 eadem
1414 1560 1663 1649 dissertatione
1683 1592 1707 1649 e
1723 1565 1919 1651 codicibus

549 1697 841 1794 Hafnienfibua,
871 1701 1060 1814 eleganter
1088 1694 1252 1812 scriptis,
1273 1688 1510 1782 observatum
1536 1694 1619 1794 eli,
1644 1689 1777 1784 crasbe
1807 1691 1914 1784 sunt.

543 1831 588 1911 ‘dt
608 1826 853 1933 maiusculael,
864 1830 944 1918 iilo
963 1831 1020 1919 vel
1039 1833 1184 1918 calamo
1201 1855 1277 1918 non
1293 1818 1370 1908 fisso
1386 1819 1543 1936 scriptae
1561 1883 1573 1922 ,
1588 1819 1779 1936 spatiosae,
1795 1853 1912 1938 angu·

547 1953 675 2058 latae,
693 1957 801 2074 fignis
817 1961 1048 2061 diacriticis,
1070 1961 1206 2074 quibus
1224 1959 1374 2046 litterae
1385 1955 1505 2069 ligura
1520 1956 1690 2068 aequales
1706 1951 1912 2048 dicamn-

548 2109 623 2185 tut,
634 2084 823 2201 rubrisque
840 2090 995 2174 demum
1012 2097 1154 2201 putretis
1171 2085 1260 2171 l'oco
1280 2090 1467 2170 vocalium
1487 2107 1649 2168 omatae.
1661 2083 1916 2198 Alpltubetutn
2076 2200 2078 2205 Ι

551 2214 670 2312 illud,
705 2245 744 2302 ut
762 2220 940 2316 omatibus
953 2235 973 2317 ,'
999 2211 1096 2335 quae
1119 2245 1221 2313 ,nova
1250 2209 1358 2315 suut,
1385 2224 1423 2303 ἃ
1442 2220 1480 2300 in
1499 2241 1744 2302 communem
1762 2211 1929 2336 consue·x

555 2348 726 2442 tudinem
736 2349 910 2446 abeunt,
939 2355 1108 2470 accidere
1134 2348 1255 2448 solet,
1285 2350 1360 2432 non
1378 2343 1520 2458 stmpet
1534 2347 1760 2434 conllantem
1782 2409 1795 2448 ,
1815 2376 1916 2434 eunt
1949 2365 1952 2369 ’

549 2477 714 2594 demque
733 2479 1083 2582 formamretinuit.
1105 2475 1501 2592 Arabek,.elegantiae
1520 2470 1698 2563 scribendi
1719 2474 1821 2592 supra
1839 2505 1918 2564 mo·

495 2713 503 2716 -
546 2609 641 2692 dum
662 2611 756 2696 sorte
782 2609 950 2704 studiosa,
981 2619 1090 2700 uariis
1116 2616 1288 2706 lineolis,
1313 2602 1608 2722 ornamentisque
1639 2609 1730 2694 illud
1756 2637 1917 2722 augere:

550 2743 770 2852 inceperunt
790 2803 802 2842 ,
829 2771 852 2826 e
871 2745 1007 2856 quibus
1024 2747 1185 2854 denique
1203 2744 1274 2824 alia
1292 2738 1441 2851 scriptio
1456 2766 1537 2822 orta
1556 2739 1637 2835 eli,
1667 2768 1764 2850 quae
1789 2747 1915 2849 primo

548 2871 686 2957 obtutu
704 2899 725 2953 a
745 2872 880 2956 Cufica
895 2881 1057 2961 omniuo
1086 2877 1206 2956 aliena
1225 2872 1400 2966 uidetur,
1429 2877 1468 2953 dt
1488 2897 1527 2952 te
1546 2895 1630 2953 ueta
1640 2871 1896 2979 fimplicitati
1905 2926 1919 2966 ,

547 2999 1246 3118 maiestatiqueCuficae'sctipruraei5
1263 3009 1305 3110 5)
1319 3002 1432 3112 longe
1447 2995 1679 3087 inferiotell·
1704 3000 1739 3082 A
1756 3001 1919 3085 nostrati·

551 3127 621 3214 bus
639 3136 862 3218 Carmatita
882 3136 996 3246 uulgo
1015 3137 1166 3234 dicitur,
1181 3128 1240 3217 sed
1261 3138 1384 3214 minua
1402 3135 1512 3227 tecte,
1524 3158 1613 3212 cum
1633 3123 1919 3218 Fitusabadensra

548 3262 587 3344 in
608 3263 749 3345 Lexico
766 3259 831 3356 suo
850 3257 1097 3376 manuscripto
1111 3265 1351 3370 ‚cormaricus
1369 3259 1506 3370 litteras
1525 3281 1672 3344 tenues,
1689 3259 1915 3377 atquesub·

550 3392 642 3477 tt'let
667 3394 853 3506 appellet.
891 3399 1054 3480 Nummi
1073 3393 1228 3478 Arabici
1255 3392 1400 3503 antiqui
1421 3393 1626 3474 maximam
1644 3415 1790 3501 partem
1809 3391 1913 3474 litte·

549 3524 692 3615 risillis
704 3521 851 3608 Cuficia
867 3519 1100 3610 ornati-sunt:
1123 3525 1357 3608 Carmanicae
1374 3525 1413 3604 in
1427 3521 1545 3606 titulis
1561 3512 1829 3630 sepulcrorum,
1840 3544 1918 3604 cet.

548 3651 590 3734 in
603 3659 736 3761 ¹primis
755 3649 939 3765 usurparat
955 3649 1206 3741 esseuidetnus
1225 3687 1234 3734 t
1260 3647 1340 3738 lunt
1357 3657 1536 3734 tamen&
1555 3653 1704 3736 nummi
1723 3653 1891 3738 nonnulli
1902 3708 1925 3750 ,-

549 3786 614 3892 qui
632 3779 777 3868 easdem
796 3788 1002 3872 litterarum
1021 3781 1158 3898 figurae
1174 3783 1379 3880 exhibent,
1407 3784 1456 3868 ad
1474 3809 1570 3894 quos
1589 3810 1768 3869 nummos
1796 3774 1912 3868 musei

533 3907 726 4024 'Bntgiani
761 3941 863 4000 xxuu.
897 3943 1000 4002 xant.
1030 3944 1147 4000 xuvtt·
1179 3943 1286 4001 xtrtt.
1311 3939 1377 3996 ata.
1405 3942 1490 3998 uut-
1519 3909 1729 3997 referendos
1758 3906 1922 3997 censeo.‘

551 4041 656 4126 Cum
676 4070 800 4129 autem
826 4046 943 4128 lineae
959 4049 1166 4132 litteratum
1185 4039 1389 4127 subtiliores
1411 4051 1552 4130 inacte
1572 4037 1698 4159 effingi
1728 4071 1804 4130 non
1833 4035 1916 4156 pos·

548 4163 785 4286 senr,figurae
802 4202 930 4264 earutn
950 4163 1447 4289 innummis,lapidibusque
1462 4175 1591 4287 aliquo
1609 4178 1725 4259 modo
1738 4199 1914 4262 commu·

551 4325 628 4384 tare
647 4299 785 4388 necesse
802 4333 908 4392 etat:
934 4335 957 4390 e
975 4334 1053 4419 quo
1069 4309 1164 4391 leuis
1185 4309 1339 4390 varietas
1356 4334 1442 4390 otta
1458 4307 1535 4402 esi,
1553 4333 1650 4419 quac
1668 4311 1764 4392 inter
1781 4306 1915 4390 ebara-
2030 4330 2037 4338 ·

551 4438 676 4516 dieres'
688 4462 959 4524 nummorum,
979 4437 1237 4550 librorumque
1255 4437 1480 4535 intercedit,
1496 4464 1658 4550 quatum
1676 4459 1805 4520 tamen
1824 4435 1913 4522 huic

548 4565 708 4648 &libris
735 4563 875 4677 scriptis
892 4568 1096 4677 probatae,
1124 4573 1163 4652 dc
1182 4591 1284 4652 veras
1317 4567 1525 4655 litteratum
1543 4567 1683 4652 formas
1717 4568 1912 4654 exhibenti

550 4699 776 4806 principatus
805 4701 962 4778 omnino
989 4699 1041 4786 esi
1065 4697 1313 4782 tribuendus.
1343 4702 1407 4783 De
1425 4701 1561 4816 quibus
1590 4693 1811 4812 utquisque
1842 4692 1913 4784 suis

547 4829 668 4908 oculis
685 4823 793 4910 licie
824 4829 995 4919 iudicet,
1029 4829 1199 4939 improba
1227 4829 1424 4941 diligentia
1443 4859 1492 4916 ex
1510 4831 1688 4914 omnibus
1709 4823 1822 4911 musei
1843 4830 1912 4912 ltu-

547 4959 605 5038 ius
625 4938 814 5056 nummis,
839 4961 1045 5042 litteratum
1073 4956 1211 5042 fortnas
1227 5015 1241 5055 ,
1259 4986 1454 5071 quotquot¹
1466 4962 1641 5047 uarietate
1658 4959 1840 5044 distinata
1859 4982 1912 5040 re·

546 5089 653 5196 peri,
687 5094 725 5172 in
742 5087 867 5171 tabula
890 5097 1034 5201 prima,
1061 5089 1149 5172 huic
1174 5087 1353 5200 opulculo
1371 5119 1545 5188 annexa,
1569 5088 1777 5186 delineari,
1801 5104 1912 5173 com-

552 5233 562 5248 ‘
982 5233 986 5249 '
1332 5225 1364 5305 E
1805 5247 1913 5332 para·

554 5353 1013 5496 .(55)'Spicimencufieae
1034 5403 1234 5500 scripturae
1267 5405 1504 5481 diii'ettationi
1530 5405 1633 5502 supra
1655 5404 1823 5478 laudatae
1845 5401 1919 5479 ad·-

543 5497 662 5579 iuuui.
690 5506 770 5579 Alia
792 5506 889 5620 varia
914 5505 1103 5640 specimina
1126 5511 1224 5604 apud
1265 5531 1322 5584 nte
1348 5509 1485 5583 exilarat
1511 5559 1524 5593 ‚
1556 5509 1620 5580 illo
1646 5504 1908 5601 splendidiora,
