5225 7084
1277 990 1556 1130 blavit

734 1195 827 1278 um
848 1193 1092 1286 confirmetur
1106 1249 1120 1297 ,
1135 1195 1187 1284 ab
1205 1197 1309 1282 Indis
1323 1223 1390 1281 eas
1405 1193 1637 1308 provenisse,
1673 1203 1725 1288 Al
1744 1205 1910 1313 Seplatii
1925 1209 1967 1292 in
1993 1231 2102 1293 eom-

734 1332 920 1411 mentatio
949 1335 989 1412 in
1004 1332 1147 1440 pubma
1163 1331 1304 1444 Togtai
1327 1328 1461 1412 ludum
1480 1331 1774 1418 latrunculorum
1794 1385 1807 1420 ι
1835 1343 1873 1420 u
1892 1364 1998 1420 notas
2026 1365 2095 1419 nu·

735 1457 889 1540 metales
908 1459 1011 1542 Indis
1027 1487 1223 1573 tamquam
1243 1459 1496 1544 inventoribus
1511 1461 1666 1545 tribuit.
1686 1465 1921 1574 Athanafius
1934 1467 2100 1554 isirchec

734 1586 774 1665 ia
787 1589 1059 1702 arithmolugia
1087 1581 1162 1674 sure
1190 1589 1238 1673 de
1264 1589 1401 1672 abditis
1426 1572 1669 1679 numerosum
1701 1597 1882 1706 mysteriis
1912 1609 1947 1693 ς
1968 1627 2001 1680 ι.
2020 1596 2101 1681 duo
2148 1674 2152 1681 .

733 1710 905 1800 Arabum
934 1721 1145 1806 testimonia
1165 1717 1306 1819 resen,
1329 1714 1496 1834 quibas
1513 1748 1760 1810 mutuorum
1788 1751 1896 1808 sosas
1919 1754 1943 1808 a
1967 1728 2102 1812 Btaeb·

732 1849 886 1950 manis,
914 1848 1039 1934 Indiae
1057 1844 1299 1960 bpientibus,
1328 1878 1351 1932 e
1368 1847 1488 1960 figura
1505 1855 1635 1936 circuli
1655 1847 1738 1936 seni
1769 1858 1942 1939 inventas
1958 1849 2028 1938 else
2045 1857 2102 1940 di·

732 1999 850 2057 cunt.
888 1975 1015 2092 Atque
1032 1977 1283 2064 Arithmetica
1313 1971 1493 2066 Maximi
1509 1983 1725 2080 Planudis,
1755 1987 1821 2096 qui
1856 1981 2103 2068 xus-saeculo

734 2106 858 2202 vixit,
886 2109 924 2187 in
958 2109 1093 2194 codice
1110 2113 1298 2194 Vaticano
1316 2103 1526 2193 instabitur
1557 2111 1755 2219 maistin,
1778 2103 1992 2214 aimonem
2018 2116 2100 2192 aar·

733 2231 862 2332 ram„
882 2237 1068 2324 Planudss
1086 2240 1342 2324 calculatoria
1365 2239 1577 2343 secundum
1597 2239 1732 2321 indos.
1765 2237 1840 2321 Sed
1856 2267 1936 2351 quo
1953 2265 2104 2350 tempo·

734 2381 774 2439 re
798 2389 861 2447 eas
891 2357 1100 2481 acceperint
1121 2368 1291 2470 Arabes,
1308 2373 1525 2454 incertum.
1564 2368 1813 2479 Summupere
1848 2371 1965 2480 igitur
1999 2367 2101 2451 aesli-

725 2487 891 2581 'mandus
917 2500 969 2583 est
997 2503 1200 2613 Borgianus
1227 2525 1404 2588 nummus
1431 2557 1446 2599 ,
1478 2505 1517 2584 δι
1556 2501 1595 2581 ni
1629 2495 1770 2592 fallor,
1809 2499 1859 2584 esl
1882 2491 2102 2582 'omniunu

731 2621 976 2738 amiquiffima
993 2629 1166 2717 cistarum
1186 2630 1435 2714 Arabicarum
1456 2631 1664 2727 memoria,
1685 2653 1782 2739 quae
1799 2625 1973 2711 hauems
1991 2636 2099 2711 inno·

732 2755 827 2836 tuit.
848 2759 900 2840 At
926 2785 1048 2874 neque
1070 2761 1180 2860 ludi,
1205 2787 1332 2873 neque
1357 2757 1500 2843 Arabes
1529 2761 1640 2869 primi
1664 2757 1802 2843 horum
1830 2753 2020 2872 fignorum
2040 2757 2099 2840 in·

730 2901 900 2969 ventures
916 2887 1096 2974 suerunt.
1132 2889 1245 2998 Apud
1264 2899 1445 2973 Romanos
1473 2893 1590 2970 etiam
1607 2891 1814 2997 antiquitus
1845 2884 1908 2972 usu
1932 2913 1976 2969 ea
1996 2914 2113 2971 rece·.

731 3009 941 3116 public,
970 3013 1087 3102 sirmis
1100 3021 1331 3130 argumentis
1353 3010 1484 3126 probat
1501 3020 1629 3102 auitos
1644 3041 1858 3128 anonymus
1881 3009 2101 3100 dissertatio·

726 3143 787 3222 nis
803 3148 1244 3232 Mathematico-criticae
1261 3149 1310 3229 dc
1328 3146 1578 3230 numeralium
1608 3168 1781 3229 notatum
1813 3143 2101 3231 minuscularum

724 3271 900 3388 origine,
922 3304 1020 3391 quae
1036 3307 1127 3362 xxx.
1142 3276 1279 3362 abhinc
1302 3279 1408 3359 annis
1426 3277 1597 3386 prodiit,
1626 3269 1691 3358 sed
1713 3273 1868 3362 eruditis
1894 3274 1972 3368 sere
2001 3279 2103 3358 inco·

723 3409 834 3508 gnita
853 3405 983 3492 manse
999 3415 1125 3512 (64).
1161 3406 1296 3490 Probat
1324 3411 1483 3502 anuos,
1512 3407 1645 3487 harum
1674 3401 1850 3488 cistarum
1871 3399 1974 3488 usum
2000 3404 2101 3515 apud

724 3526 918 3617 Romanos
948 3529 1239 3648 antiquilsrmum
1265 3530 1398 3621 fuisse,
1429 3561 1532 3646 quac
1560 3535 1660 3644 apud
1680 3561 1745 3617 eos
1773 3539 1947 3643 primum
1963 3535 2102 3620 verbaa

724 3655 872 3776 ‘integra
889 3721 902 3762 ,
931 3691 971 3749 ut
988 3669 1026 3748 in
1043 3670 1140 3748 notis
1157 3669 1334 3761 Tironis,
1353 3686 1468 3774 atque
1485 3669 1650 3747 Senecae
1669 3723 1682 3759 ,
1699 3663 1821 3770 postea
1838 3658 1987 3776 syllabas
1999 3721 2012 3760 ,
2025 3665 2095 3747 de·

727 3786 817 3875 inde
844 3796 1031 3902 pondera,
1049 3801 1088 3878 δι
1109 3787 1315 3910 mensuras,
1333 3818 1430 3904 quae
1451 3785 1535 3876 sanc
1551 3793 1598 3875 ad
1615 3817 1790 3874 numeros
1809 3787 1965 3905 speaant
1980 3800 2099 3904 (65),

725 3915 993 4034 fignificarint,
1017 3927 1182 4038 denique
1200 3926 1239 4006 in
1255 3917 1454 4006 familiares
1470 3927 1588 4006 etiam
1607 3915 1903 4033 supputationes,
1932 3928 1971 4004 δι
1982 3925 2094 4012 arith·

729 4059 889 4140 meticae
925 4056 1089 4138 calculos
1117 4047 1319 4136 tranfierint
1347 4105 1359 4127 .
1387 4056 1512 4134 Cuius
1536 4058 1588 4134 rei
1614 4051 1791 4159 exempla
1828 4052 1970 4165 profert
1990 4103 2001 4137 ι
2023 4082 2099 4137 no*

727 4207 805 4267 tam
835 4185 867 4264 Z
894 4183 942 4266 ab
961 4181 1254 4267 immemorabili
1281 4182 1502 4264 aRomanis
1526 4209 1596 4290 pro
1627 4207 1785 4284 numero
1809 4187 1881 4278 1l.,
1910 4209 2041 4267 notam
2074 4214 2098 4286 9

670 4381 674 4388 .
726 4343 797 4424 pro
815 4339 967 4398 centum
991 4373 1005 4414 ,
1038 4309 1183 4426 lignum
1220 4344 1236 4418 5
1275 4314 1389 4395 tertio
1410 4315 1613 4394 minimum
1636 4337 1701 4392 aut
1720 4335 1858 4422 quattu
1880 4311 1958 4424 poll
1984 4314 2104 4396 Chri·

727 4437 1120 4556 uumsaecu10‚pro
1149 4469 1202 4528 vt.
1231 4447 1337 4525 iuxta
1366 4434 1587 4528 Mall'uiums
1606 4442 1695 4538 vel,
1723 4469 1764 4526 ut
1792 4443 1933 4528 mauult
1964 4443 2106 4545 Mabilq

1958 4573 2105 4672 loniuS,

733 4795 861 4913 tw)
886 4814 1019 4891 inser'ua
1044 4817 1081 4892 in
1108 4815 1247 4906 Rcccclta
1270 4813 1300 4886 a*
1313 4813 1452 4911 opusculi
1472 4805 1661 4907 scientifici,
1686 4812 1893 4911 cfilclcgici.
1923 4824 1956 4885 br
1970 4819 2107 4911 Venezic

725 4919 962 5018 pussillum
975 4918 1063 4992 aceli
1082 4939 1186 5010 17s3.
1201 4916 1236 4988 iu
1256 4938 1312 4986 ta.
1326 4936 1431 5006 p.19.
1445 4916 1494 4988 ad
1512 4911 2119 5002 110.conf.cet.uiuoiloni.mm-,

731 5025 932 5092 docueram
958 5035 1047 5088 rom.
1061 5031 1106 5090 ιι.
1126 5016 1227 5091 Alius
1244 5010 1402 5084 eiusdem
1423 5019 1628 5110 argumenti
1654 5014 1744 5086 liber
1770 5008 1903 5096 russas,
1930 5010 1988 5082 cui
2011 5013 2103 5086 titu-

728 5120 812 5190 lus:
835 5128 882 5186 De
895 5113 1117 5186 charasletibus
1138 5133 1332 5186 nummorum
1348 5108 1555 5208 vulgaribus,
1578 5111 1622 5184 cl*
1637 5108 1911 5184 annumerantibus
1930 5128 2109 5182 velerum
2132 5113 2138 5123 '

731 5217 993 5286 monimentum
1000 5203 1247 5296 fidcilluilcacis
1263 5207 1435 5299 dissertatio
1447 5209 1795 5281 uaticinante-critica
1810 5210 1987 5278 sanutus
2003 5209 2109 5280 mcc·

722 5309 790 5394 rimi
804 5307 1044 5404 wirtembergae
1062 5331 1199 5401 1727„
1225 5329 1334 5400 quem
1359 5305 1537 5402 hucusque
1563 5330 1626 5378 nec
1649 5303 1837 5399 possideo,
1859 5328 1922 5376 nec
1938 5306 2032 5380 vidi·-

778 5409 857 5507 (65)
883 5403 1042 5506 syllabas,
1071 5432 1108 5478 ut
1130 5410 1194 5510 Q
1210 5456 1221 5490 ,
1236 5411 1344 5504 quia.
1369 5409 1452 5496 Ex7
1478 5403 1640 5489 existimo.
1671 5407 1740 5492 Ei9
1760 5409 1854 5479 eius.
1880 5405 2043 5492 Pondus,
2067 5418 2110 5476 ut

746 5509 875 5594 uncia,
894 5509 915 5578 8
965 5506 1141 5601 septunx,
1179 5508 1354 5599 3triens,
1381 5529 1415 5574 m
1441 5505 1525 5575 οᾶσ
1547 5497 1729 5598 scrupuli,
