5225 7084
1286 959 1564 1102 bireti·

738 1157 985 1272 nannetum,
1007 1169 1075 1288 qni
1102 1197 1238 1258 ornnes
1261 1167 1340 1260 fere
1377 1171 1543 1262 scientiar
1570 1172 1798 1276 nornen,
1821 1205 1953 1268 eanum
1981 1207 2108 1295 paren

738 1299 864 1394 tibus,
880 1321 1133 1414 aeceperunt.
1166 1306 1210 1392 ln
1237 1305 1347 1393 italia
1372 1307 1513 1392 deinde
1529 1329 1621 1389 cum
1639 1314 1776 1406 cereris
1802 1305 2006 1424 disciplinis
2021 1341 2109 1425 pto·

735 1423 945 1538 pentodum
966 1433 1263 1532 interciderunt,
1283 1431 1399 1549 usque
1414 1435 1509 1524 dnm
1522 1464 1537 1535 ,·
1551 1432 1634 1547 pou
1653 1428 1794 1522 becula
1817 1444 2107 1552 quaedamela·
2203 1545 2207 1551 .

733 1551 818 1668 psa,
843 1563 1092 1649 cumlieterae
1111 1557 1247 1649 renasci
1264 1561 1487 1680 eotpiilent,
1511 1564 1562 1648 ab
1579 1562 1801 1666 Arabibus,
1836 1576 1904 1682 qui
1932 1597 1994 1654 eas
2013 1597 2106 1655 eon·

732 1680 987 1791 servaverant,
1008 1718 1204 1778 revocatae
1227 1688 1310 1780 sunt
1322 1701 1450 1800 (68).
1478 1697 1571 1799 an
1589 1721 1788 1806 tempore,
1820 1706 1863 1783 dr
1877 1727 1957 1811 quo
1975 1708 2106 1786 aneio-

733 1842 774 1900 re
798 1820 839 1901 id
858 1822 1064 1920 acciderit,
1094 1827 1278 1908 incertum
1293 1825 1418 1930 (69).
1447 1831 1535 1908 i=loc
1563 1848 1711 1909 tautum
1734 1831 2100 1930 animadvertimus,

730 1949 854 2060 prima
870 1975 1001 2036 earum
1024 1953 1178 2066 veliigia
1209 1955 1439 2040 anonnullis
1471 1958 1588 2066 repeti
1619 1950 1815 2042 asaeculo
1843 1958 2106 2059 duodecimo,

666 2168 672 2176 ,
731 2101 828 2187 quae
863 2105 993 2169 tamen
1022 2077 1169 2170 saeculo
1197 2113 1261 2189 xn-
1281 2089 1321 2171 in
1352 2086 1661 2170 communiorem
1688 2111 1792 2170 certe
1817 2080 1922 2170 usum
1954 2086 2103 2173 tranfie·

729 2230 811 2296 tant
826 2216 954 2318 (70).

864 2339 1068 2429 Absolvant
1098 2347 1194 2434 hanc
1211 2343 1499 2436 dissertationem
1527 2347 1836 2435 adnotationibus
1852 2341 2102 2459 qulbuldnnu

729 2475 964 2590 generalibus
982 2479 1020 2558 in
1042 2468 1298 2589 Alphaberum
1321 2479 1556 2575 Arabicum,
1584 2506 1715 2593 quasa
1735 2484 1885 2559 nurnine
1907 2479 2030 2561 adhuc
2047 2473 2103 2559 fa·

727 2613 803 2692 etas
826 2598 894 2687 elle
913 2605 1047 2689 video.
1083 2611 1126 2689 In
1147 2635 1220 2692 tres
1236 2610 1412 2718 periodos
1427 2607 1706 2692 distribuendae
1725 2612 1817 2688 rnibi
1833 2609 2003 2692 videntur
2031 2611 2101 2692 hu·
2186 2712 2189 2718 Ι

590 2745 593 2752 ’
728 2742 787 2823 ius
806 2736 1008 2845 Alpbabeti
1043 2741 1166 2821 variae
1195 2743 1514 2822 commutationes
1531 2795 1541 2816 .
1557 2800 1561 2808 .
1580 2740 1642 2819 De
1661 2740 1706 2819 iis
1734 2739 2102 2821 commutationibus

727 2867 888 2977 loquor,
914 2889 991 2944 non
1007 2889 1104 2975 quae
1123 2867 1171 2947 ad
1191 2871 1309 2949 varias
1337 2864 1477 2949 formas
1505 2868 1749 2949 litterarum.
1778 2892 1874 2976 quae
1902 2863 2111 2974 temperer

616 3097 624 3110 ¹
727 3020 948 3086 mutantur,
977 2984 1039 3076 led
1071 3019 1171 3104 quae
1190 2997 1237 3078 nd
1259 3021 1458 3080 numerum
1485 3021 1647 3094 earum,
1678 2994 1953 3106 ordinemque,
1985 3003 2022 3078 δι
2051 2994 2101 3077 ad

727 3120 844 3238 ipsum
860 3117 1114 3232 Alpltabetunr
1143 3131 1352 3235 pertinent.

856 3255 981 3335 Prima
1005 3253 1161 3363 quidem
1183 3281 1205 3338 a
1228 3249 1470 3338 remotiffinta
1488 3256 1714 3366 antiquitate
1733 3253 1935 3362 repetenda
1953 3255 2026 3350 eil,
2043 3278 2099 3338 te·

723 3380 919 3494 nebrisque
935 3374 1140 3466 offunditur
1157 3441 1167 3461 .
1201 3379 1373 3480 Nescio,
1396 3411 1443 3465 an
1460 3413 1483 3467 n
1501 3384 1765 3496 probabilitate
1783 3381 1952 3469 alienum
1974 3386 2099 3492 videas

723 3541 819 3616 tut,
848 3513 943 3596 avil·
970 3533 1117 3594 tarnum
1143 3513 1350 3597 litterarum
1383 3540 1521 3614 notas,
1548 3514 1856 3598 rmilanatietate
1886 3515 2095 3613 dillinclasr

1813 3673 1824 3686 ²
1959 3643 2100 3730 Arabi·

769 3891 849 3988 (68)
878 3889 1063 3964 Delineavi
1083 3889 1120 3964 in
1141 3891 1229 3964 Tab.
1245 3897 1274 3966 1.
1303 3910 1412 3964 notas
1437 3910 1672 3964 numerorum
1689 3886 1870 3963 Arabicas
1891 3908 1976 3960 cum
2000 3889 2099 3962 notis

721 3991 1025 4086 Aegyptiorum,
1060 3990 1266 4075 Indorum,
1294 3987 1488 4085 nostrisque
1525 4009 1763 4084 comparatas
1790 4040 1802 4061 .
1843 3999 1939 4059 lnter
1967 4011 2094 4060 omnes

720 4087 917 4161 maximam
938 4087 1201 4162 similitudinem
1229 4087 1450 4161 intercedere
1472 4088 1630 4162 videbis.
1652 4086 1856 4182 aegyptias
1881 4089 2097 4158 aButntero

720 4183 846 4282 sumpsi
873 4187 1000 4259 elibro
1025 4183 1087 4260 luo
1110 4187 1182 4262 inm
1212 4189 1355 4270 citatur
1382 4186 1522 4259 indicas
1549 4206 1570 4259 a
1598 4188 1665 4261 cel.
1683 4184 1914 4270 Niebnbtio,
1942 4186 2004 4280 qni
2033 4206 2094 4260 eas

717 4285 753 4360 in
778 4283 1014 4380 descriptione
1037 4285 1173 4360 itineris
1195 4283 1483 4371 suiinnrabianr
1502 4281 2093 4383 (r.11.uab.11.flafniae1773.)

718 4385 937 4460 delineavit.

769 4487 848 4577 (⁶9)
876 4479 1053 4569 Consule,
1076 4479 1347 4556 ineruditorum
1373 4485 1597 4555 conieduras
1623 4485 1741 4580 legere
1768 4482 1883 4567 velis,
1908 4481 2098 4555 cl.Villoi·
2150 4511 2154 4517 ⁴

719 4577 782 4656 son
795 4583 940 4653 anecdota
954 4592 1064 4654 Graeca
1085 4603 1179 4656 tom.
1194 4591 1424 4677 tl.pag.153·.
1440 4589 1471 4651 dr
1486 4581 1556 4677 seq.

729 4727 734 4748 ,
770 4681 850 4776 (70)
876 4689 971 4752 1nter
995 4703 1138 4774 pauca,
1164 4703 1257 4777 quae
1274 4681 1441 4775 equidem
1464 4681 1561 4765 vidi,
1589 4680 1696 4759 buius
1728 4677 1859 4754 saeculi
1884 4687 2099 4752 rnonurnein·

717 4797 757 4862 ta
782 4780 936 4874 praestat
970 4781 1026 4850 hic
1053 4779 1229 4850 adnotare
1255 4774 1476 4875 epigraphen
1504 4776 1541 4848 in
1566 4781 1665 4850 calce
1695 4780 1837 4852 codicis
1864 4776 2025 4849 Frontini
2047 4784 2096 4852 tei

715 4881 894 4963 militaris,
911 4885 944 4948 &
956 4880 1095 4974 Vegetii
1119 4877 1344 4975 indisciplina
1364 4877 1526 4961 militari,
1555 4879 1590 4948 in
1614 4877 1834 4951 btbliotheea
1849 4878 1937 4947 clar.
1951 4875 2100 4950 Praesu-

717 4981 761 5053 lis
777 4977 921 5075 Stephani
947 4983 1213 5074 Bargiaerqnae
1229 4976 1317 5048 baec
1335 4977 1445 5047 verba
1469 4975 1640 5051 exbibete
1668 4973 1797 5048 Librurn
1819 4975 1895 5045 banc
1918 4988 1981 5070 Ego
2003 4987 2101 5049 Lucae

716 5080 756 5150 re
768 5077 954 5148 cantarellis·
973 5089 1011 5146 de
1029 5081 1117 5171 Regio
1131 5071 1287 5148 dodonam
1306 5074 1410 5146 dofior
1422 5077 1547 5146 donavi
1563 5075 1741 5173 Religinfis,
1764 5076 1806 5146 o*
1832 5077 1965 5144 cleantis
1985 5076 2100 5164 [tarn-

716 5173 799 5257 bas,
823 5193 918 5274 atque
934 5179 1093 5244 canonicis
1110 5171 1303 5266 regularibus
1328 5172 1579 5269 congregationis
1598 5172 1703 5267 lande
1723 5179 1824 5263 nare
1844 5177 1883 5242 tle
1904 5179 2100 5247 Fririnnatia

717 5285 842 5348 raama·
861 5275 944 5346 dioc.
969 5290 1026 5370 pro
1037 5272 1140 5362 salute
1156 5273 1260 5346 mine
1282 5293 1351 5346 mee
1376 5277 1484 5368 1428.
1510 5278 1683 5349 Veneriis.
1712 5284 1748 5347 ln
1765 5267 1943 5358 anuinio
1958 5275 1996 5347 dc
2012 5277 2100 5346 (rti-

716 5388 807 5448 iaie·
